%YAML 1.1
%TAG !u! tag:unity3d.com,2011:
--- !u!29 &1
OcclusionCullingSettings:
  m_ObjectHideFlags: 0
  serializedVersion: 2
  m_OcclusionBakeSettings:
    smallestOccluder: 5
    smallestHole: 0.25
    backfaceThreshold: 100
  m_SceneGUID: f9e534d419df1ee46bdf62589d7b672f
  m_OcclusionCullingData: {fileID: 36300000, guid: f71a776b87f19114b9ef09026e30c869,
    type: 2}
--- !u!104 &2
RenderSettings:
  m_ObjectHideFlags: 0
  serializedVersion: 8
  m_Fog: 0
  m_FogColor: {r: 0.5, g: 0.5, b: 0.5, a: 1}
  m_FogMode: 3
  m_FogDensity: 0.01
  m_LinearFogStart: 0
  m_LinearFogEnd: 300
  m_AmbientSkyColor: {r: 0.212, g: 0.227, b: 0.259, a: 1}
  m_AmbientEquatorColor: {r: 0.114, g: 0.125, b: 0.133, a: 1}
  m_AmbientGroundColor: {r: 0.047, g: 0.043, b: 0.035, a: 1}
  m_AmbientIntensity: 1
  m_AmbientMode: 0
  m_SubtractiveShadowColor: {r: 0.42, g: 0.478, b: 0.627, a: 1}
  m_SkyboxMaterial: {fileID: 10304, guid: 0000000000000000f000000000000000, type: 0}
  m_HaloStrength: 0.5
  m_FlareStrength: 1
  m_FlareFadeSpeed: 3
  m_HaloTexture: {fileID: 0}
  m_SpotCookie: {fileID: 10001, guid: 0000000000000000e000000000000000, type: 0}
  m_DefaultReflectionMode: 0
  m_DefaultReflectionResolution: 128
  m_ReflectionBounces: 1
  m_ReflectionIntensity: 1
  m_CustomReflection: {fileID: 0}
  m_Sun: {fileID: 248803240}
  m_IndirectSpecularColor: {r: 0.44657844, g: 0.49641222, b: 0.57481694, a: 1}
--- !u!157 &3
LightmapSettings:
  m_ObjectHideFlags: 0
  serializedVersion: 9
  m_GIWorkflowMode: 1
  m_GISettings:
    serializedVersion: 2
    m_BounceScale: 1
    m_IndirectOutputScale: 1
    m_AlbedoBoost: 1
    m_TemporalCoherenceThreshold: 1
    m_EnvironmentLightingMode: 0
    m_EnableBakedLightmaps: 0
    m_EnableRealtimeLightmaps: 0
  m_LightmapEditorSettings:
    serializedVersion: 8
    m_Resolution: 2
    m_BakeResolution: 40
    m_TextureWidth: 1024
    m_TextureHeight: 1024
    m_AO: 0
    m_AOMaxDistance: 1
    m_CompAOExponent: 0
    m_CompAOExponentDirect: 0
    m_Padding: 2
    m_LightmapParameters: {fileID: 0}
    m_LightmapsBakeMode: 1
    m_TextureCompression: 1
    m_FinalGather: 0
    m_FinalGatherFiltering: 1
    m_FinalGatherRayCount: 1024
    m_ReflectionCompression: 2
    m_MixedBakeMode: 1
    m_BakeBackend: 0
    m_PVRSampling: 1
    m_PVRDirectSampleCount: 32
    m_PVRSampleCount: 500
    m_PVRBounces: 2
    m_PVRFiltering: 0
    m_PVRFilteringMode: 1
    m_PVRCulling: 1
    m_PVRFilteringGaussRadiusDirect: 1
    m_PVRFilteringGaussRadiusIndirect: 5
    m_PVRFilteringGaussRadiusAO: 2
    m_PVRFilteringAtrousColorSigma: 1
    m_PVRFilteringAtrousNormalSigma: 1
    m_PVRFilteringAtrousPositionSigma: 1
  m_LightingDataAsset: {fileID: 112000001, guid: 1e2b45307b16c63479913525ae2bdf7a,
    type: 2}
  m_ShadowMaskMode: 2
--- !u!196 &4
NavMeshSettings:
  serializedVersion: 2
  m_ObjectHideFlags: 0
  m_BuildSettings:
    serializedVersion: 2
    agentTypeID: 0
    agentRadius: 0.84
    agentHeight: 2
    agentSlope: 45
    agentClimb: 0.5
    ledgeDropHeight: 0.02
    maxJumpAcrossDistance: 0.08
    minRegionArea: 1.03
    manualCellSize: 0
    cellSize: 0.28
    manualTileSize: 0
    tileSize: 256
    accuratePlacement: 1
  m_NavMeshData: {fileID: 23800000, guid: 4e6da8bb83cb78442b82eb1bc33943ed, type: 2}
--- !u!1 &7096490
GameObject:
  m_ObjectHideFlags: 0
  m_PrefabParentObject: {fileID: 1914460848652900, guid: 0e14248884fd94947a4d7508647ba4ca,
    type: 2}
  m_PrefabInternal: {fileID: 0}
  serializedVersion: 5
  m_Component:
  - component: {fileID: 7096491}
  - component: {fileID: 7096495}
  - component: {fileID: 7096494}
  - component: {fileID: 7096493}
  - component: {fileID: 7096492}
  m_Layer: 0
  m_Name: Cube (1)
  m_TagString: obstacle
  m_Icon: {fileID: 0}
  m_NavMeshLayer: 0
  m_StaticEditorFlags: 4294967295
  m_IsActive: 1
--- !u!4 &7096491
Transform:
  m_ObjectHideFlags: 0
  m_PrefabParentObject: {fileID: 4332483829388606, guid: 0e14248884fd94947a4d7508647ba4ca,
    type: 2}
  m_PrefabInternal: {fileID: 0}
  m_GameObject: {fileID: 7096490}
  m_LocalRotation: {x: 0, y: 0, z: 0, w: 1}
  m_LocalPosition: {x: 2.9, y: 3, z: 58.1}
  m_LocalScale: {x: 88.5, y: 6, z: 1}
  m_Children: []
  m_Father: {fileID: 1260100227}
  m_RootOrder: 0
  m_LocalEulerAnglesHint: {x: 0, y: 0, z: 0}
--- !u!114 &7096492
MonoBehaviour:
  m_ObjectHideFlags: 0
  m_PrefabParentObject: {fileID: 114088929091513186, guid: 0e14248884fd94947a4d7508647ba4ca,
    type: 2}
  m_PrefabInternal: {fileID: 0}
  m_GameObject: {fileID: 7096490}
  m_Enabled: 1
  m_EditorHideFlags: 0
  m_Script: {fileID: 11500000, guid: 652ee9f75c7cac54295063b6b8c87ee1, type: 3}
  m_Name: 
  m_EditorClassIdentifier: 
--- !u!23 &7096493
MeshRenderer:
  m_ObjectHideFlags: 0
  m_PrefabParentObject: {fileID: 23565291871424728, guid: 0e14248884fd94947a4d7508647ba4ca,
    type: 2}
  m_PrefabInternal: {fileID: 0}
  m_GameObject: {fileID: 7096490}
  m_Enabled: 1
  m_CastShadows: 1
  m_ReceiveShadows: 1
  m_MotionVectors: 1
  m_LightProbeUsage: 1
  m_ReflectionProbeUsage: 1
  m_Materials:
  - {fileID: 10303, guid: 0000000000000000f000000000000000, type: 0}
  m_StaticBatchInfo:
    firstSubMesh: 0
    subMeshCount: 0
  m_StaticBatchRoot: {fileID: 0}
  m_ProbeAnchor: {fileID: 0}
  m_LightProbeVolumeOverride: {fileID: 0}
  m_ScaleInLightmap: 1
  m_PreserveUVs: 1
  m_IgnoreNormalsForChartDetection: 0
  m_ImportantGI: 0
  m_SelectedEditorRenderState: 3
  m_MinimumChartSize: 4
  m_AutoUVMaxDistance: 0.5
  m_AutoUVMaxAngle: 89
  m_LightmapParameters: {fileID: 0}
  m_SortingLayerID: 0
  m_SortingLayer: 0
  m_SortingOrder: 0
--- !u!65 &7096494
BoxCollider:
  m_ObjectHideFlags: 0
  m_PrefabParentObject: {fileID: 65239528083415156, guid: 0e14248884fd94947a4d7508647ba4ca,
    type: 2}
  m_PrefabInternal: {fileID: 0}
  m_GameObject: {fileID: 7096490}
  m_Material: {fileID: 0}
  m_IsTrigger: 0
  m_Enabled: 1
  serializedVersion: 2
  m_Size: {x: 1, y: 1, z: 1}
  m_Center: {x: 0, y: 0, z: 0}
--- !u!33 &7096495
MeshFilter:
  m_ObjectHideFlags: 0
  m_PrefabParentObject: {fileID: 33627118137324666, guid: 0e14248884fd94947a4d7508647ba4ca,
    type: 2}
  m_PrefabInternal: {fileID: 0}
  m_GameObject: {fileID: 7096490}
  m_Mesh: {fileID: 10202, guid: 0000000000000000e000000000000000, type: 0}
--- !u!1001 &25771563
Prefab:
  m_ObjectHideFlags: 0
  serializedVersion: 2
  m_Modification:
    m_TransformParent: {fileID: 0}
    m_Modifications:
    - target: {fileID: 4926268903090574, guid: 1ce137b43fcbd874ea56297736ead8f4, type: 2}
      propertyPath: m_LocalPosition.x
      value: 5.6
      objectReference: {fileID: 0}
    - target: {fileID: 4926268903090574, guid: 1ce137b43fcbd874ea56297736ead8f4, type: 2}
      propertyPath: m_LocalPosition.y
      value: -2.98
      objectReference: {fileID: 0}
    - target: {fileID: 4926268903090574, guid: 1ce137b43fcbd874ea56297736ead8f4, type: 2}
      propertyPath: m_LocalPosition.z
      value: 0
      objectReference: {fileID: 0}
    - target: {fileID: 4926268903090574, guid: 1ce137b43fcbd874ea56297736ead8f4, type: 2}
      propertyPath: m_LocalRotation.x
      value: 0.2801665
      objectReference: {fileID: 0}
    - target: {fileID: 4926268903090574, guid: 1ce137b43fcbd874ea56297736ead8f4, type: 2}
      propertyPath: m_LocalRotation.y
      value: 0.5389856
      objectReference: {fileID: 0}
    - target: {fileID: 4926268903090574, guid: 1ce137b43fcbd874ea56297736ead8f4, type: 2}
      propertyPath: m_LocalRotation.z
      value: -0.19617474
      objectReference: {fileID: 0}
    - target: {fileID: 4926268903090574, guid: 1ce137b43fcbd874ea56297736ead8f4, type: 2}
      propertyPath: m_LocalRotation.w
      value: 0.7697511
      objectReference: {fileID: 0}
    - target: {fileID: 4926268903090574, guid: 1ce137b43fcbd874ea56297736ead8f4, type: 2}
      propertyPath: m_RootOrder
      value: 9
      objectReference: {fileID: 0}
    - target: {fileID: 114210297647255984, guid: 1ce137b43fcbd874ea56297736ead8f4,
        type: 2}
      propertyPath: Target
      value: 
      objectReference: {fileID: 823797288}
    - target: {fileID: 20610876364468630, guid: 1ce137b43fcbd874ea56297736ead8f4,
        type: 2}
      propertyPath: m_Depth
      value: 0
      objectReference: {fileID: 0}
    - target: {fileID: 114210297647255984, guid: 1ce137b43fcbd874ea56297736ead8f4,
        type: 2}
      propertyPath: Speed
      value: 1
      objectReference: {fileID: 0}
    - target: {fileID: 114210297647255984, guid: 1ce137b43fcbd874ea56297736ead8f4,
        type: 2}
      propertyPath: ShootShakeAmount
      value: 0.03
      objectReference: {fileID: 0}
    - target: {fileID: 114210297647255984, guid: 1ce137b43fcbd874ea56297736ead8f4,
        type: 2}
      propertyPath: DamageShakeAmount
      value: 0.2
      objectReference: {fileID: 0}
    - target: {fileID: 114210297647255984, guid: 1ce137b43fcbd874ea56297736ead8f4,
        type: 2}
      propertyPath: StartingShakeDuration
      value: 0.5
      objectReference: {fileID: 0}
    - target: {fileID: 20610876364468630, guid: 1ce137b43fcbd874ea56297736ead8f4,
        type: 2}
      propertyPath: m_AllowMSAA
      value: 0
      objectReference: {fileID: 0}
    m_RemovedComponents: []
  m_ParentPrefab: {fileID: 100100000, guid: 1ce137b43fcbd874ea56297736ead8f4, type: 2}
  m_IsPrefabParent: 0
--- !u!1001 &70534179
Prefab:
  m_ObjectHideFlags: 0
  serializedVersion: 2
  m_Modification:
    m_TransformParent: {fileID: 1973890768}
    m_Modifications:
    - target: {fileID: 4520068211901014, guid: 4d3304b694c5c94449eab73485197222, type: 2}
      propertyPath: m_LocalPosition.x
      value: -59.7
      objectReference: {fileID: 0}
    - target: {fileID: 4520068211901014, guid: 4d3304b694c5c94449eab73485197222, type: 2}
      propertyPath: m_LocalPosition.y
      value: 32
      objectReference: {fileID: 0}
    - target: {fileID: 4520068211901014, guid: 4d3304b694c5c94449eab73485197222, type: 2}
      propertyPath: m_LocalPosition.z
      value: 13.595837
      objectReference: {fileID: 0}
    - target: {fileID: 4520068211901014, guid: 4d3304b694c5c94449eab73485197222, type: 2}
      propertyPath: m_LocalRotation.x
      value: -0
      objectReference: {fileID: 0}
    - target: {fileID: 4520068211901014, guid: 4d3304b694c5c94449eab73485197222, type: 2}
      propertyPath: m_LocalRotation.y
      value: -0
      objectReference: {fileID: 0}
    - target: {fileID: 4520068211901014, guid: 4d3304b694c5c94449eab73485197222, type: 2}
      propertyPath: m_LocalRotation.z
      value: -0
      objectReference: {fileID: 0}
    - target: {fileID: 4520068211901014, guid: 4d3304b694c5c94449eab73485197222, type: 2}
      propertyPath: m_LocalRotation.w
      value: 1
      objectReference: {fileID: 0}
    - target: {fileID: 4520068211901014, guid: 4d3304b694c5c94449eab73485197222, type: 2}
      propertyPath: m_RootOrder
      value: 2
      objectReference: {fileID: 0}
    - target: {fileID: 1325079530745456, guid: 4d3304b694c5c94449eab73485197222, type: 2}
      propertyPath: m_Name
      value: Cube (2)
      objectReference: {fileID: 0}
    - target: {fileID: 1325079530745456, guid: 4d3304b694c5c94449eab73485197222, type: 2}
      propertyPath: m_Layer
      value: 0
      objectReference: {fileID: 0}
    - target: {fileID: 23981055720020182, guid: 4d3304b694c5c94449eab73485197222,
        type: 2}
      propertyPath: m_Materials.Array.data[0]
      value: 
      objectReference: {fileID: 2100000, guid: 2bcd517f498550c4492711f7cf76080f, type: 2}
    m_RemovedComponents: []
  m_ParentPrefab: {fileID: 100100000, guid: 4d3304b694c5c94449eab73485197222, type: 2}
  m_IsPrefabParent: 0
--- !u!4 &70534180 stripped
Transform:
  m_PrefabParentObject: {fileID: 4520068211901014, guid: 4d3304b694c5c94449eab73485197222,
    type: 2}
  m_PrefabInternal: {fileID: 70534179}
--- !u!1001 &90556055
Prefab:
  m_ObjectHideFlags: 0
  serializedVersion: 2
  m_Modification:
    m_TransformParent: {fileID: 1973890768}
    m_Modifications:
    - target: {fileID: 4946207152787560, guid: f1861af9ce6647c4298d0df6dd5fc7fc, type: 2}
      propertyPath: m_LocalPosition.x
      value: -51.2
      objectReference: {fileID: 0}
    - target: {fileID: 4946207152787560, guid: f1861af9ce6647c4298d0df6dd5fc7fc, type: 2}
      propertyPath: m_LocalPosition.y
      value: 31.5
      objectReference: {fileID: 0}
    - target: {fileID: 4946207152787560, guid: f1861af9ce6647c4298d0df6dd5fc7fc, type: 2}
      propertyPath: m_LocalPosition.z
      value: 25.5
      objectReference: {fileID: 0}
    - target: {fileID: 4946207152787560, guid: f1861af9ce6647c4298d0df6dd5fc7fc, type: 2}
      propertyPath: m_LocalRotation.x
      value: -0
      objectReference: {fileID: 0}
    - target: {fileID: 4946207152787560, guid: f1861af9ce6647c4298d0df6dd5fc7fc, type: 2}
      propertyPath: m_LocalRotation.y
      value: -0
      objectReference: {fileID: 0}
    - target: {fileID: 4946207152787560, guid: f1861af9ce6647c4298d0df6dd5fc7fc, type: 2}
      propertyPath: m_LocalRotation.z
      value: -0
      objectReference: {fileID: 0}
    - target: {fileID: 4946207152787560, guid: f1861af9ce6647c4298d0df6dd5fc7fc, type: 2}
      propertyPath: m_LocalRotation.w
      value: 1
      objectReference: {fileID: 0}
    - target: {fileID: 4946207152787560, guid: f1861af9ce6647c4298d0df6dd5fc7fc, type: 2}
      propertyPath: m_RootOrder
      value: 8
      objectReference: {fileID: 0}
    - target: {fileID: 23887717437121710, guid: f1861af9ce6647c4298d0df6dd5fc7fc,
        type: 2}
      propertyPath: m_Materials.Array.data[0]
      value: 
      objectReference: {fileID: 2100000, guid: 2bcd517f498550c4492711f7cf76080f, type: 2}
    m_RemovedComponents: []
  m_ParentPrefab: {fileID: 100100000, guid: f1861af9ce6647c4298d0df6dd5fc7fc, type: 2}
  m_IsPrefabParent: 0
--- !u!4 &90556056 stripped
Transform:
  m_PrefabParentObject: {fileID: 4946207152787560, guid: f1861af9ce6647c4298d0df6dd5fc7fc,
    type: 2}
  m_PrefabInternal: {fileID: 90556055}
--- !u!1001 &141725432
Prefab:
  m_ObjectHideFlags: 0
  serializedVersion: 2
  m_Modification:
    m_TransformParent: {fileID: 1973890768}
    m_Modifications:
    - target: {fileID: 4520068211901014, guid: 4d3304b694c5c94449eab73485197222, type: 2}
      propertyPath: m_LocalPosition.x
      value: -8.1
      objectReference: {fileID: 0}
    - target: {fileID: 4520068211901014, guid: 4d3304b694c5c94449eab73485197222, type: 2}
      propertyPath: m_LocalPosition.y
      value: 32
      objectReference: {fileID: 0}
    - target: {fileID: 4520068211901014, guid: 4d3304b694c5c94449eab73485197222, type: 2}
      propertyPath: m_LocalPosition.z
      value: 35.915592
      objectReference: {fileID: 0}
    - target: {fileID: 4520068211901014, guid: 4d3304b694c5c94449eab73485197222, type: 2}
      propertyPath: m_LocalRotation.x
      value: -0
      objectReference: {fileID: 0}
    - target: {fileID: 4520068211901014, guid: 4d3304b694c5c94449eab73485197222, type: 2}
      propertyPath: m_LocalRotation.y
      value: -0
      objectReference: {fileID: 0}
    - target: {fileID: 4520068211901014, guid: 4d3304b694c5c94449eab73485197222, type: 2}
      propertyPath: m_LocalRotation.z
      value: -0
      objectReference: {fileID: 0}
    - target: {fileID: 4520068211901014, guid: 4d3304b694c5c94449eab73485197222, type: 2}
      propertyPath: m_LocalRotation.w
      value: 1
      objectReference: {fileID: 0}
    - target: {fileID: 4520068211901014, guid: 4d3304b694c5c94449eab73485197222, type: 2}
      propertyPath: m_RootOrder
      value: 3
      objectReference: {fileID: 0}
    - target: {fileID: 1325079530745456, guid: 4d3304b694c5c94449eab73485197222, type: 2}
      propertyPath: m_Name
      value: Cube (1)
      objectReference: {fileID: 0}
    - target: {fileID: 1325079530745456, guid: 4d3304b694c5c94449eab73485197222, type: 2}
      propertyPath: m_Layer
      value: 0
      objectReference: {fileID: 0}
    - target: {fileID: 23981055720020182, guid: 4d3304b694c5c94449eab73485197222,
        type: 2}
      propertyPath: m_Materials.Array.data[0]
      value: 
      objectReference: {fileID: 2100000, guid: 2bcd517f498550c4492711f7cf76080f, type: 2}
    m_RemovedComponents: []
  m_ParentPrefab: {fileID: 100100000, guid: 4d3304b694c5c94449eab73485197222, type: 2}
  m_IsPrefabParent: 0
--- !u!4 &141725433 stripped
Transform:
  m_PrefabParentObject: {fileID: 4520068211901014, guid: 4d3304b694c5c94449eab73485197222,
    type: 2}
  m_PrefabInternal: {fileID: 141725432}
--- !u!1001 &222306644
Prefab:
  m_ObjectHideFlags: 0
  serializedVersion: 2
  m_Modification:
    m_TransformParent: {fileID: 1973890768}
    m_Modifications:
    - target: {fileID: 4946207152787560, guid: f1861af9ce6647c4298d0df6dd5fc7fc, type: 2}
      propertyPath: m_LocalPosition.x
      value: -34.4
      objectReference: {fileID: 0}
    - target: {fileID: 4946207152787560, guid: f1861af9ce6647c4298d0df6dd5fc7fc, type: 2}
      propertyPath: m_LocalPosition.y
      value: 31.5
      objectReference: {fileID: 0}
    - target: {fileID: 4946207152787560, guid: f1861af9ce6647c4298d0df6dd5fc7fc, type: 2}
      propertyPath: m_LocalPosition.z
      value: 14.6008625
      objectReference: {fileID: 0}
    - target: {fileID: 4946207152787560, guid: f1861af9ce6647c4298d0df6dd5fc7fc, type: 2}
      propertyPath: m_LocalRotation.x
      value: -0
      objectReference: {fileID: 0}
    - target: {fileID: 4946207152787560, guid: f1861af9ce6647c4298d0df6dd5fc7fc, type: 2}
      propertyPath: m_LocalRotation.y
      value: -0
      objectReference: {fileID: 0}
    - target: {fileID: 4946207152787560, guid: f1861af9ce6647c4298d0df6dd5fc7fc, type: 2}
      propertyPath: m_LocalRotation.z
      value: -0
      objectReference: {fileID: 0}
    - target: {fileID: 4946207152787560, guid: f1861af9ce6647c4298d0df6dd5fc7fc, type: 2}
      propertyPath: m_LocalRotation.w
      value: 1
      objectReference: {fileID: 0}
    - target: {fileID: 4946207152787560, guid: f1861af9ce6647c4298d0df6dd5fc7fc, type: 2}
      propertyPath: m_RootOrder
      value: 7
      objectReference: {fileID: 0}
    - target: {fileID: 1862539682311464, guid: f1861af9ce6647c4298d0df6dd5fc7fc, type: 2}
      propertyPath: m_Name
      value: DestructibleObstacle (1)
      objectReference: {fileID: 0}
    - target: {fileID: 23887717437121710, guid: f1861af9ce6647c4298d0df6dd5fc7fc,
        type: 2}
      propertyPath: m_Materials.Array.data[0]
      value: 
      objectReference: {fileID: 2100000, guid: 2bcd517f498550c4492711f7cf76080f, type: 2}
    m_RemovedComponents: []
  m_ParentPrefab: {fileID: 100100000, guid: f1861af9ce6647c4298d0df6dd5fc7fc, type: 2}
  m_IsPrefabParent: 0
--- !u!4 &222306645 stripped
Transform:
  m_PrefabParentObject: {fileID: 4946207152787560, guid: f1861af9ce6647c4298d0df6dd5fc7fc,
    type: 2}
  m_PrefabInternal: {fileID: 222306644}
--- !u!1 &248803239
GameObject:
  m_ObjectHideFlags: 0
  m_PrefabParentObject: {fileID: 0}
  m_PrefabInternal: {fileID: 0}
  serializedVersion: 5
  m_Component:
  - component: {fileID: 248803241}
  - component: {fileID: 248803240}
  m_Layer: 0
  m_Name: Directional Light
  m_TagString: Untagged
  m_Icon: {fileID: 0}
  m_NavMeshLayer: 0
  m_StaticEditorFlags: 0
  m_IsActive: 1
--- !u!108 &248803240
Light:
  m_ObjectHideFlags: 0
  m_PrefabParentObject: {fileID: 0}
  m_PrefabInternal: {fileID: 0}
  m_GameObject: {fileID: 248803239}
  m_Enabled: 1
  serializedVersion: 8
  m_Type: 1
  m_Color: {r: 1, g: 0.95686275, b: 0.8392157, a: 1}
  m_Intensity: 1
  m_Range: 10
  m_SpotAngle: 30
  m_CookieSize: 10
  m_Shadows:
    m_Type: 0
    m_Resolution: -1
    m_CustomResolution: -1
    m_Strength: 1
    m_Bias: 0.05
    m_NormalBias: 0.4
    m_NearPlane: 0.2
  m_Cookie: {fileID: 0}
  m_DrawHalo: 0
  m_Flare: {fileID: 0}
  m_RenderMode: 0
  m_CullingMask:
    serializedVersion: 2
    m_Bits: 4294967007
  m_Lightmapping: 4
  m_AreaSize: {x: 1, y: 1}
  m_BounceIntensity: 1
  m_ColorTemperature: 6570
  m_UseColorTemperature: 0
  m_ShadowRadius: 0
  m_ShadowAngle: 0
--- !u!4 &248803241
Transform:
  m_ObjectHideFlags: 0
  m_PrefabParentObject: {fileID: 0}
  m_PrefabInternal: {fileID: 0}
  m_GameObject: {fileID: 248803239}
  m_LocalRotation: {x: 0.40821794, y: -0.23456973, z: 0.109381676, w: 0.87542605}
  m_LocalPosition: {x: -14.8, y: 3, z: 0}
  m_LocalScale: {x: 1, y: 1, z: 1}
  m_Children: []
  m_Father: {fileID: 0}
  m_RootOrder: 0
  m_LocalEulerAnglesHint: {x: 50, y: -30, z: 0}
--- !u!1 &305342884
GameObject:
  m_ObjectHideFlags: 0
  m_PrefabParentObject: {fileID: 0}
  m_PrefabInternal: {fileID: 0}
  serializedVersion: 5
  m_Component:
  - component: {fileID: 305342885}
  m_Layer: 0
  m_Name: PlayerSpawner
  m_TagString: PlayerSpawner
  m_Icon: {fileID: 0}
  m_NavMeshLayer: 0
  m_StaticEditorFlags: 0
  m_IsActive: 1
--- !u!4 &305342885
Transform:
  m_ObjectHideFlags: 0
  m_PrefabParentObject: {fileID: 0}
  m_PrefabInternal: {fileID: 0}
  m_GameObject: {fileID: 305342884}
  m_LocalRotation: {x: 0, y: 0, z: 0, w: 1}
  m_LocalPosition: {x: -56.2, y: 0, z: 0.7}
  m_LocalScale: {x: 1, y: 1, z: 1}
  m_Children: []
  m_Father: {fileID: 0}
  m_RootOrder: 6
  m_LocalEulerAnglesHint: {x: 0, y: 0, z: 0}
--- !u!1 &347124357
GameObject:
  m_ObjectHideFlags: 0
  m_PrefabParentObject: {fileID: 1632634574233926, guid: 0e14248884fd94947a4d7508647ba4ca,
    type: 2}
  m_PrefabInternal: {fileID: 0}
  serializedVersion: 5
  m_Component:
  - component: {fileID: 347124358}
  - component: {fileID: 347124362}
  - component: {fileID: 347124361}
  - component: {fileID: 347124360}
  - component: {fileID: 347124359}
  m_Layer: 0
  m_Name: Cube (13)
  m_TagString: obstacle
  m_Icon: {fileID: 0}
  m_NavMeshLayer: 0
  m_StaticEditorFlags: 4294967295
  m_IsActive: 1
--- !u!4 &347124358
Transform:
  m_ObjectHideFlags: 0
  m_PrefabParentObject: {fileID: 4105590172414326, guid: 0e14248884fd94947a4d7508647ba4ca,
    type: 2}
  m_PrefabInternal: {fileID: 0}
  m_GameObject: {fileID: 347124357}
  m_LocalRotation: {x: -0, y: 0.7071068, z: -0, w: 0.7071067}
  m_LocalPosition: {x: -47.4, y: 3, z: -7.01}
  m_LocalScale: {x: 3, y: 6, z: 0.99999976}
  m_Children: []
  m_Father: {fileID: 1260100227}
  m_RootOrder: 8
  m_LocalEulerAnglesHint: {x: 0, y: 90, z: 0}
--- !u!114 &347124359
MonoBehaviour:
  m_ObjectHideFlags: 0
  m_PrefabParentObject: {fileID: 114931658409829340, guid: 0e14248884fd94947a4d7508647ba4ca,
    type: 2}
  m_PrefabInternal: {fileID: 0}
  m_GameObject: {fileID: 347124357}
  m_Enabled: 1
  m_EditorHideFlags: 0
  m_Script: {fileID: 11500000, guid: 652ee9f75c7cac54295063b6b8c87ee1, type: 3}
  m_Name: 
  m_EditorClassIdentifier: 
--- !u!23 &347124360
MeshRenderer:
  m_ObjectHideFlags: 0
  m_PrefabParentObject: {fileID: 23272665792527228, guid: 0e14248884fd94947a4d7508647ba4ca,
    type: 2}
  m_PrefabInternal: {fileID: 0}
  m_GameObject: {fileID: 347124357}
  m_Enabled: 1
  m_CastShadows: 1
  m_ReceiveShadows: 1
  m_MotionVectors: 1
  m_LightProbeUsage: 1
  m_ReflectionProbeUsage: 1
  m_Materials:
  - {fileID: 10303, guid: 0000000000000000f000000000000000, type: 0}
  m_StaticBatchInfo:
    firstSubMesh: 0
    subMeshCount: 0
  m_StaticBatchRoot: {fileID: 0}
  m_ProbeAnchor: {fileID: 0}
  m_LightProbeVolumeOverride: {fileID: 0}
  m_ScaleInLightmap: 1
  m_PreserveUVs: 1
  m_IgnoreNormalsForChartDetection: 0
  m_ImportantGI: 0
  m_SelectedEditorRenderState: 3
  m_MinimumChartSize: 4
  m_AutoUVMaxDistance: 0.5
  m_AutoUVMaxAngle: 89
  m_LightmapParameters: {fileID: 0}
  m_SortingLayerID: 0
  m_SortingLayer: 0
  m_SortingOrder: 0
--- !u!65 &347124361
BoxCollider:
  m_ObjectHideFlags: 0
  m_PrefabParentObject: {fileID: 65770902856557974, guid: 0e14248884fd94947a4d7508647ba4ca,
    type: 2}
  m_PrefabInternal: {fileID: 0}
  m_GameObject: {fileID: 347124357}
  m_Material: {fileID: 0}
  m_IsTrigger: 0
  m_Enabled: 1
  serializedVersion: 2
  m_Size: {x: 1, y: 1, z: 1}
  m_Center: {x: 0, y: 0, z: 0}
--- !u!33 &347124362
MeshFilter:
  m_ObjectHideFlags: 0
  m_PrefabParentObject: {fileID: 33834170843153850, guid: 0e14248884fd94947a4d7508647ba4ca,
    type: 2}
  m_PrefabInternal: {fileID: 0}
  m_GameObject: {fileID: 347124357}
  m_Mesh: {fileID: 10202, guid: 0000000000000000e000000000000000, type: 0}
--- !u!1 &428600049
GameObject:
  m_ObjectHideFlags: 0
  m_PrefabParentObject: {fileID: 1438653400224840, guid: 0e14248884fd94947a4d7508647ba4ca,
    type: 2}
  m_PrefabInternal: {fileID: 0}
  serializedVersion: 5
  m_Component:
  - component: {fileID: 428600050}
  - component: {fileID: 428600054}
  - component: {fileID: 428600053}
  - component: {fileID: 428600052}
  - component: {fileID: 428600051}
  m_Layer: 0
  m_Name: Cube (4)
  m_TagString: obstacle
  m_Icon: {fileID: 0}
  m_NavMeshLayer: 0
  m_StaticEditorFlags: 4294967295
  m_IsActive: 1
--- !u!4 &428600050
Transform:
  m_ObjectHideFlags: 0
  m_PrefabParentObject: {fileID: 4943218294056600, guid: 0e14248884fd94947a4d7508647ba4ca,
    type: 2}
  m_PrefabInternal: {fileID: 0}
  m_GameObject: {fileID: 428600049}
  m_LocalRotation: {x: -0, y: -0, z: -0, w: 1}
  m_LocalPosition: {x: -0.2, y: 3, z: -56.1}
  m_LocalScale: {x: 87, y: 6, z: 1}
  m_Children: []
  m_Father: {fileID: 1260100227}
  m_RootOrder: 1
  m_LocalEulerAnglesHint: {x: 0, y: 0, z: 0}
--- !u!114 &428600051
MonoBehaviour:
  m_ObjectHideFlags: 0
  m_PrefabParentObject: {fileID: 114180128075052574, guid: 0e14248884fd94947a4d7508647ba4ca,
    type: 2}
  m_PrefabInternal: {fileID: 0}
  m_GameObject: {fileID: 428600049}
  m_Enabled: 1
  m_EditorHideFlags: 0
  m_Script: {fileID: 11500000, guid: 652ee9f75c7cac54295063b6b8c87ee1, type: 3}
  m_Name: 
  m_EditorClassIdentifier: 
--- !u!23 &428600052
MeshRenderer:
  m_ObjectHideFlags: 0
  m_PrefabParentObject: {fileID: 23492859965396126, guid: 0e14248884fd94947a4d7508647ba4ca,
    type: 2}
  m_PrefabInternal: {fileID: 0}
  m_GameObject: {fileID: 428600049}
  m_Enabled: 1
  m_CastShadows: 1
  m_ReceiveShadows: 1
  m_MotionVectors: 1
  m_LightProbeUsage: 1
  m_ReflectionProbeUsage: 1
  m_Materials:
  - {fileID: 10303, guid: 0000000000000000f000000000000000, type: 0}
  m_StaticBatchInfo:
    firstSubMesh: 0
    subMeshCount: 0
  m_StaticBatchRoot: {fileID: 0}
  m_ProbeAnchor: {fileID: 0}
  m_LightProbeVolumeOverride: {fileID: 0}
  m_ScaleInLightmap: 1
  m_PreserveUVs: 1
  m_IgnoreNormalsForChartDetection: 0
  m_ImportantGI: 0
  m_SelectedEditorRenderState: 3
  m_MinimumChartSize: 4
  m_AutoUVMaxDistance: 0.5
  m_AutoUVMaxAngle: 89
  m_LightmapParameters: {fileID: 0}
  m_SortingLayerID: 0
  m_SortingLayer: 0
  m_SortingOrder: 0
--- !u!65 &428600053
BoxCollider:
  m_ObjectHideFlags: 0
  m_PrefabParentObject: {fileID: 65080109011860656, guid: 0e14248884fd94947a4d7508647ba4ca,
    type: 2}
  m_PrefabInternal: {fileID: 0}
  m_GameObject: {fileID: 428600049}
  m_Material: {fileID: 0}
  m_IsTrigger: 0
  m_Enabled: 1
  serializedVersion: 2
  m_Size: {x: 1, y: 1, z: 1}
  m_Center: {x: 0, y: 0, z: 0}
--- !u!33 &428600054
MeshFilter:
  m_ObjectHideFlags: 0
  m_PrefabParentObject: {fileID: 33912869323855640, guid: 0e14248884fd94947a4d7508647ba4ca,
    type: 2}
  m_PrefabInternal: {fileID: 0}
  m_GameObject: {fileID: 428600049}
  m_Mesh: {fileID: 10202, guid: 0000000000000000e000000000000000, type: 0}
--- !u!1 &575036915
GameObject:
  m_ObjectHideFlags: 0
  m_PrefabParentObject: {fileID: 1632634574233926, guid: 0e14248884fd94947a4d7508647ba4ca,
    type: 2}
  m_PrefabInternal: {fileID: 0}
  serializedVersion: 5
  m_Component:
  - component: {fileID: 575036916}
  - component: {fileID: 575036920}
  - component: {fileID: 575036919}
  - component: {fileID: 575036918}
  - component: {fileID: 575036917}
  m_Layer: 0
  m_Name: Cube (15)
  m_TagString: obstacle
  m_Icon: {fileID: 0}
  m_NavMeshLayer: 0
  m_StaticEditorFlags: 4294967295
  m_IsActive: 1
--- !u!4 &575036916
Transform:
  m_ObjectHideFlags: 0
  m_PrefabParentObject: {fileID: 4105590172414326, guid: 0e14248884fd94947a4d7508647ba4ca,
    type: 2}
  m_PrefabInternal: {fileID: 0}
  m_GameObject: {fileID: 575036915}
  m_LocalRotation: {x: -0, y: -0, z: -0, w: 1}
  m_LocalPosition: {x: -58.7, y: 3, z: 7.7}
  m_LocalScale: {x: 22.9, y: 6, z: 1}
  m_Children: []
  m_Father: {fileID: 1260100227}
  m_RootOrder: 10
  m_LocalEulerAnglesHint: {x: 0, y: 0, z: 0}
--- !u!114 &575036917
MonoBehaviour:
  m_ObjectHideFlags: 0
  m_PrefabParentObject: {fileID: 114931658409829340, guid: 0e14248884fd94947a4d7508647ba4ca,
    type: 2}
  m_PrefabInternal: {fileID: 0}
  m_GameObject: {fileID: 575036915}
  m_Enabled: 1
  m_EditorHideFlags: 0
  m_Script: {fileID: 11500000, guid: 652ee9f75c7cac54295063b6b8c87ee1, type: 3}
  m_Name: 
  m_EditorClassIdentifier: 
--- !u!23 &575036918
MeshRenderer:
  m_ObjectHideFlags: 0
  m_PrefabParentObject: {fileID: 23272665792527228, guid: 0e14248884fd94947a4d7508647ba4ca,
    type: 2}
  m_PrefabInternal: {fileID: 0}
  m_GameObject: {fileID: 575036915}
  m_Enabled: 1
  m_CastShadows: 1
  m_ReceiveShadows: 1
  m_MotionVectors: 1
  m_LightProbeUsage: 1
  m_ReflectionProbeUsage: 1
  m_Materials:
  - {fileID: 10303, guid: 0000000000000000f000000000000000, type: 0}
  m_StaticBatchInfo:
    firstSubMesh: 0
    subMeshCount: 0
  m_StaticBatchRoot: {fileID: 0}
  m_ProbeAnchor: {fileID: 0}
  m_LightProbeVolumeOverride: {fileID: 0}
  m_ScaleInLightmap: 1
  m_PreserveUVs: 1
  m_IgnoreNormalsForChartDetection: 0
  m_ImportantGI: 0
  m_SelectedEditorRenderState: 3
  m_MinimumChartSize: 4
  m_AutoUVMaxDistance: 0.5
  m_AutoUVMaxAngle: 89
  m_LightmapParameters: {fileID: 0}
  m_SortingLayerID: 0
  m_SortingLayer: 0
  m_SortingOrder: 0
--- !u!65 &575036919
BoxCollider:
  m_ObjectHideFlags: 0
  m_PrefabParentObject: {fileID: 65770902856557974, guid: 0e14248884fd94947a4d7508647ba4ca,
    type: 2}
  m_PrefabInternal: {fileID: 0}
  m_GameObject: {fileID: 575036915}
  m_Material: {fileID: 0}
  m_IsTrigger: 0
  m_Enabled: 1
  serializedVersion: 2
  m_Size: {x: 1, y: 1, z: 1}
  m_Center: {x: 0, y: 0, z: 0}
--- !u!33 &575036920
MeshFilter:
  m_ObjectHideFlags: 0
  m_PrefabParentObject: {fileID: 33834170843153850, guid: 0e14248884fd94947a4d7508647ba4ca,
    type: 2}
  m_PrefabInternal: {fileID: 0}
  m_GameObject: {fileID: 575036915}
  m_Mesh: {fileID: 10202, guid: 0000000000000000e000000000000000, type: 0}
--- !u!1001 &587769200
Prefab:
  m_ObjectHideFlags: 0
  serializedVersion: 2
  m_Modification:
    m_TransformParent: {fileID: 1973890768}
    m_Modifications:
    - target: {fileID: 4520068211901014, guid: 4d3304b694c5c94449eab73485197222, type: 2}
      propertyPath: m_LocalPosition.x
      value: -33.6
      objectReference: {fileID: 0}
    - target: {fileID: 4520068211901014, guid: 4d3304b694c5c94449eab73485197222, type: 2}
      propertyPath: m_LocalPosition.y
      value: 32
      objectReference: {fileID: 0}
    - target: {fileID: 4520068211901014, guid: 4d3304b694c5c94449eab73485197222, type: 2}
      propertyPath: m_LocalPosition.z
      value: 66.4
      objectReference: {fileID: 0}
    - target: {fileID: 4520068211901014, guid: 4d3304b694c5c94449eab73485197222, type: 2}
      propertyPath: m_LocalRotation.x
      value: -0
      objectReference: {fileID: 0}
    - target: {fileID: 4520068211901014, guid: 4d3304b694c5c94449eab73485197222, type: 2}
      propertyPath: m_LocalRotation.y
      value: -0
      objectReference: {fileID: 0}
    - target: {fileID: 4520068211901014, guid: 4d3304b694c5c94449eab73485197222, type: 2}
      propertyPath: m_LocalRotation.z
      value: -0
      objectReference: {fileID: 0}
    - target: {fileID: 4520068211901014, guid: 4d3304b694c5c94449eab73485197222, type: 2}
      propertyPath: m_LocalRotation.w
      value: 1
      objectReference: {fileID: 0}
    - target: {fileID: 4520068211901014, guid: 4d3304b694c5c94449eab73485197222, type: 2}
      propertyPath: m_RootOrder
      value: 4
      objectReference: {fileID: 0}
    - target: {fileID: 1325079530745456, guid: 4d3304b694c5c94449eab73485197222, type: 2}
      propertyPath: m_Layer
      value: 0
      objectReference: {fileID: 0}
    - target: {fileID: 23981055720020182, guid: 4d3304b694c5c94449eab73485197222,
        type: 2}
      propertyPath: m_Materials.Array.data[0]
      value: 
      objectReference: {fileID: 2100000, guid: 2bcd517f498550c4492711f7cf76080f, type: 2}
    m_RemovedComponents: []
  m_ParentPrefab: {fileID: 100100000, guid: 4d3304b694c5c94449eab73485197222, type: 2}
  m_IsPrefabParent: 0
--- !u!4 &587769201 stripped
Transform:
  m_PrefabParentObject: {fileID: 4520068211901014, guid: 4d3304b694c5c94449eab73485197222,
    type: 2}
  m_PrefabInternal: {fileID: 587769200}
--- !u!1 &598692100
GameObject:
  m_ObjectHideFlags: 0
  m_PrefabParentObject: {fileID: 1632634574233926, guid: 0e14248884fd94947a4d7508647ba4ca,
    type: 2}
  m_PrefabInternal: {fileID: 0}
  serializedVersion: 5
  m_Component:
  - component: {fileID: 598692101}
  - component: {fileID: 598692105}
  - component: {fileID: 598692104}
  - component: {fileID: 598692103}
  - component: {fileID: 598692102}
  m_Layer: 0
  m_Name: Cube (16)
  m_TagString: obstacle
  m_Icon: {fileID: 0}
  m_NavMeshLayer: 0
  m_StaticEditorFlags: 4294967295
  m_IsActive: 1
--- !u!4 &598692101
Transform:
  m_ObjectHideFlags: 0
  m_PrefabParentObject: {fileID: 4105590172414326, guid: 0e14248884fd94947a4d7508647ba4ca,
    type: 2}
  m_PrefabInternal: {fileID: 0}
  m_GameObject: {fileID: 598692100}
  m_LocalRotation: {x: -0, y: 0.7071068, z: -0, w: 0.7071067}
  m_LocalPosition: {x: -70.1, y: 1.33, z: -0.51}
  m_LocalScale: {x: 14.4, y: 1.96, z: 0.99999976}
  m_Children: []
  m_Father: {fileID: 1260100227}
  m_RootOrder: 11
  m_LocalEulerAnglesHint: {x: 0, y: 90, z: 0}
--- !u!114 &598692102
MonoBehaviour:
  m_ObjectHideFlags: 0
  m_PrefabParentObject: {fileID: 114931658409829340, guid: 0e14248884fd94947a4d7508647ba4ca,
    type: 2}
  m_PrefabInternal: {fileID: 0}
  m_GameObject: {fileID: 598692100}
  m_Enabled: 1
  m_EditorHideFlags: 0
  m_Script: {fileID: 11500000, guid: 652ee9f75c7cac54295063b6b8c87ee1, type: 3}
  m_Name: 
  m_EditorClassIdentifier: 
--- !u!23 &598692103
MeshRenderer:
  m_ObjectHideFlags: 0
  m_PrefabParentObject: {fileID: 23272665792527228, guid: 0e14248884fd94947a4d7508647ba4ca,
    type: 2}
  m_PrefabInternal: {fileID: 0}
  m_GameObject: {fileID: 598692100}
  m_Enabled: 1
  m_CastShadows: 1
  m_ReceiveShadows: 1
  m_MotionVectors: 1
  m_LightProbeUsage: 1
  m_ReflectionProbeUsage: 1
  m_Materials:
  - {fileID: 10303, guid: 0000000000000000f000000000000000, type: 0}
  m_StaticBatchInfo:
    firstSubMesh: 0
    subMeshCount: 0
  m_StaticBatchRoot: {fileID: 0}
  m_ProbeAnchor: {fileID: 0}
  m_LightProbeVolumeOverride: {fileID: 0}
  m_ScaleInLightmap: 1
  m_PreserveUVs: 1
  m_IgnoreNormalsForChartDetection: 0
  m_ImportantGI: 0
  m_SelectedEditorRenderState: 3
  m_MinimumChartSize: 4
  m_AutoUVMaxDistance: 0.5
  m_AutoUVMaxAngle: 89
  m_LightmapParameters: {fileID: 0}
  m_SortingLayerID: 0
  m_SortingLayer: 0
  m_SortingOrder: 0
--- !u!65 &598692104
BoxCollider:
  m_ObjectHideFlags: 0
  m_PrefabParentObject: {fileID: 65770902856557974, guid: 0e14248884fd94947a4d7508647ba4ca,
    type: 2}
  m_PrefabInternal: {fileID: 0}
  m_GameObject: {fileID: 598692100}
  m_Material: {fileID: 0}
  m_IsTrigger: 0
  m_Enabled: 1
  serializedVersion: 2
  m_Size: {x: 1, y: 1, z: 1}
  m_Center: {x: 0, y: 0, z: 0}
--- !u!33 &598692105
MeshFilter:
  m_ObjectHideFlags: 0
  m_PrefabParentObject: {fileID: 33834170843153850, guid: 0e14248884fd94947a4d7508647ba4ca,
    type: 2}
  m_PrefabInternal: {fileID: 0}
  m_GameObject: {fileID: 598692100}
  m_Mesh: {fileID: 10202, guid: 0000000000000000e000000000000000, type: 0}
--- !u!1001 &659696993
Prefab:
  m_ObjectHideFlags: 0
  serializedVersion: 2
  m_Modification:
    m_TransformParent: {fileID: 0}
    m_Modifications:
    - target: {fileID: 224473102968400156, guid: 613ceade5a13fa24b8c74ee720823259,
        type: 2}
      propertyPath: m_LocalPosition.x
      value: 0
      objectReference: {fileID: 0}
    - target: {fileID: 224473102968400156, guid: 613ceade5a13fa24b8c74ee720823259,
        type: 2}
      propertyPath: m_LocalPosition.y
      value: 0
      objectReference: {fileID: 0}
    - target: {fileID: 224473102968400156, guid: 613ceade5a13fa24b8c74ee720823259,
        type: 2}
      propertyPath: m_LocalPosition.z
      value: 0
      objectReference: {fileID: 0}
    - target: {fileID: 224473102968400156, guid: 613ceade5a13fa24b8c74ee720823259,
        type: 2}
      propertyPath: m_LocalRotation.x
      value: 0
      objectReference: {fileID: 0}
    - target: {fileID: 224473102968400156, guid: 613ceade5a13fa24b8c74ee720823259,
        type: 2}
      propertyPath: m_LocalRotation.y
      value: 0
      objectReference: {fileID: 0}
    - target: {fileID: 224473102968400156, guid: 613ceade5a13fa24b8c74ee720823259,
        type: 2}
      propertyPath: m_LocalRotation.z
      value: 0
      objectReference: {fileID: 0}
    - target: {fileID: 224473102968400156, guid: 613ceade5a13fa24b8c74ee720823259,
        type: 2}
      propertyPath: m_LocalRotation.w
      value: 1
      objectReference: {fileID: 0}
    - target: {fileID: 224473102968400156, guid: 613ceade5a13fa24b8c74ee720823259,
        type: 2}
      propertyPath: m_RootOrder
      value: 11
      objectReference: {fileID: 0}
    - target: {fileID: 224473102968400156, guid: 613ceade5a13fa24b8c74ee720823259,
        type: 2}
      propertyPath: m_AnchoredPosition.x
      value: 0
      objectReference: {fileID: 0}
    - target: {fileID: 224473102968400156, guid: 613ceade5a13fa24b8c74ee720823259,
        type: 2}
      propertyPath: m_AnchoredPosition.y
      value: 0
      objectReference: {fileID: 0}
    - target: {fileID: 224473102968400156, guid: 613ceade5a13fa24b8c74ee720823259,
        type: 2}
      propertyPath: m_SizeDelta.x
      value: 0
      objectReference: {fileID: 0}
    - target: {fileID: 224473102968400156, guid: 613ceade5a13fa24b8c74ee720823259,
        type: 2}
      propertyPath: m_SizeDelta.y
      value: 0
      objectReference: {fileID: 0}
    - target: {fileID: 224473102968400156, guid: 613ceade5a13fa24b8c74ee720823259,
        type: 2}
      propertyPath: m_AnchorMin.x
      value: 0
      objectReference: {fileID: 0}
    - target: {fileID: 224473102968400156, guid: 613ceade5a13fa24b8c74ee720823259,
        type: 2}
      propertyPath: m_AnchorMin.y
      value: 0
      objectReference: {fileID: 0}
    - target: {fileID: 224473102968400156, guid: 613ceade5a13fa24b8c74ee720823259,
        type: 2}
      propertyPath: m_AnchorMax.x
      value: 0
      objectReference: {fileID: 0}
    - target: {fileID: 224473102968400156, guid: 613ceade5a13fa24b8c74ee720823259,
        type: 2}
      propertyPath: m_AnchorMax.y
      value: 0
      objectReference: {fileID: 0}
    - target: {fileID: 224473102968400156, guid: 613ceade5a13fa24b8c74ee720823259,
        type: 2}
      propertyPath: m_Pivot.x
      value: 0
      objectReference: {fileID: 0}
    - target: {fileID: 224473102968400156, guid: 613ceade5a13fa24b8c74ee720823259,
        type: 2}
      propertyPath: m_Pivot.y
      value: 0
      objectReference: {fileID: 0}
    - target: {fileID: 224266206864336388, guid: 613ceade5a13fa24b8c74ee720823259,
        type: 2}
      propertyPath: m_AnchoredPosition.y
      value: 0.49922943
      objectReference: {fileID: 0}
    - target: {fileID: 1012956084291504, guid: 613ceade5a13fa24b8c74ee720823259, type: 2}
      propertyPath: m_IsActive
      value: 0
      objectReference: {fileID: 0}
    m_RemovedComponents: []
  m_ParentPrefab: {fileID: 100100000, guid: 613ceade5a13fa24b8c74ee720823259, type: 2}
  m_IsPrefabParent: 0
--- !u!1001 &677805293
Prefab:
  m_ObjectHideFlags: 0
  serializedVersion: 2
  m_Modification:
    m_TransformParent: {fileID: 1973890768}
    m_Modifications:
    - target: {fileID: 4520068211901014, guid: 4d3304b694c5c94449eab73485197222, type: 2}
      propertyPath: m_LocalPosition.x
      value: -55.7
      objectReference: {fileID: 0}
    - target: {fileID: 4520068211901014, guid: 4d3304b694c5c94449eab73485197222, type: 2}
      propertyPath: m_LocalPosition.y
      value: 32
      objectReference: {fileID: 0}
    - target: {fileID: 4520068211901014, guid: 4d3304b694c5c94449eab73485197222, type: 2}
      propertyPath: m_LocalPosition.z
      value: 60.8
      objectReference: {fileID: 0}
    - target: {fileID: 4520068211901014, guid: 4d3304b694c5c94449eab73485197222, type: 2}
      propertyPath: m_LocalRotation.x
      value: -0
      objectReference: {fileID: 0}
    - target: {fileID: 4520068211901014, guid: 4d3304b694c5c94449eab73485197222, type: 2}
      propertyPath: m_LocalRotation.y
      value: -0
      objectReference: {fileID: 0}
    - target: {fileID: 4520068211901014, guid: 4d3304b694c5c94449eab73485197222, type: 2}
      propertyPath: m_LocalRotation.z
      value: -0
      objectReference: {fileID: 0}
    - target: {fileID: 4520068211901014, guid: 4d3304b694c5c94449eab73485197222, type: 2}
      propertyPath: m_LocalRotation.w
      value: 1
      objectReference: {fileID: 0}
    - target: {fileID: 4520068211901014, guid: 4d3304b694c5c94449eab73485197222, type: 2}
      propertyPath: m_RootOrder
      value: 1
      objectReference: {fileID: 0}
    - target: {fileID: 1325079530745456, guid: 4d3304b694c5c94449eab73485197222, type: 2}
      propertyPath: m_Name
      value: Cube (3)
      objectReference: {fileID: 0}
    - target: {fileID: 1325079530745456, guid: 4d3304b694c5c94449eab73485197222, type: 2}
      propertyPath: m_Layer
      value: 0
      objectReference: {fileID: 0}
    - target: {fileID: 23981055720020182, guid: 4d3304b694c5c94449eab73485197222,
        type: 2}
      propertyPath: m_Materials.Array.data[0]
      value: 
      objectReference: {fileID: 2100000, guid: 2bcd517f498550c4492711f7cf76080f, type: 2}
    m_RemovedComponents: []
  m_ParentPrefab: {fileID: 100100000, guid: 4d3304b694c5c94449eab73485197222, type: 2}
  m_IsPrefabParent: 0
--- !u!4 &677805294 stripped
Transform:
  m_PrefabParentObject: {fileID: 4520068211901014, guid: 4d3304b694c5c94449eab73485197222,
    type: 2}
  m_PrefabInternal: {fileID: 677805293}
--- !u!1 &823797287
GameObject:
  m_ObjectHideFlags: 0
  m_PrefabParentObject: {fileID: 0}
  m_PrefabInternal: {fileID: 0}
  serializedVersion: 5
  m_Component:
  - component: {fileID: 823797288}
  m_Layer: 0
  m_Name: CameraTarget
  m_TagString: Untagged
  m_Icon: {fileID: 0}
  m_NavMeshLayer: 0
  m_StaticEditorFlags: 0
  m_IsActive: 1
--- !u!4 &823797288
Transform:
  m_ObjectHideFlags: 0
  m_PrefabParentObject: {fileID: 0}
  m_PrefabInternal: {fileID: 0}
  m_GameObject: {fileID: 823797287}
  m_LocalRotation: {x: 0, y: 0, z: 0, w: 1}
  m_LocalPosition: {x: -57, y: 2, z: 0}
  m_LocalScale: {x: 1, y: 1, z: 1}
  m_Children: []
  m_Father: {fileID: 0}
  m_RootOrder: 12
  m_LocalEulerAnglesHint: {x: 0, y: 0, z: 0}
--- !u!1 &862175745
GameObject:
  m_ObjectHideFlags: 0
  m_PrefabParentObject: {fileID: 1136947916769500, guid: 0e14248884fd94947a4d7508647ba4ca,
    type: 2}
  m_PrefabInternal: {fileID: 0}
  serializedVersion: 5
  m_Component:
  - component: {fileID: 1228248136}
  - component: {fileID: 862175748}
  - component: {fileID: 862175747}
  - component: {fileID: 862175746}
  m_Layer: 0
  m_Name: Plane
  m_TagString: Ground
  m_Icon: {fileID: 0}
  m_NavMeshLayer: 0
  m_StaticEditorFlags: 4294967295
  m_IsActive: 1
--- !u!23 &862175746
MeshRenderer:
  m_ObjectHideFlags: 0
  m_PrefabParentObject: {fileID: 23659371795005404, guid: 0e14248884fd94947a4d7508647ba4ca,
    type: 2}
  m_PrefabInternal: {fileID: 0}
  m_GameObject: {fileID: 862175745}
  m_Enabled: 1
  m_CastShadows: 1
  m_ReceiveShadows: 1
  m_MotionVectors: 1
  m_LightProbeUsage: 1
  m_ReflectionProbeUsage: 1
  m_Materials:
  - {fileID: 2100000, guid: a51b36f8dbbc42e4fb741d208c7f3833, type: 2}
  m_StaticBatchInfo:
    firstSubMesh: 0
    subMeshCount: 0
  m_StaticBatchRoot: {fileID: 0}
  m_ProbeAnchor: {fileID: 0}
  m_LightProbeVolumeOverride: {fileID: 0}
  m_ScaleInLightmap: 1
  m_PreserveUVs: 1
  m_IgnoreNormalsForChartDetection: 0
  m_ImportantGI: 0
  m_SelectedEditorRenderState: 3
  m_MinimumChartSize: 4
  m_AutoUVMaxDistance: 0.5
  m_AutoUVMaxAngle: 89
  m_LightmapParameters: {fileID: 0}
  m_SortingLayerID: 0
  m_SortingLayer: 0
  m_SortingOrder: 0
--- !u!64 &862175747
MeshCollider:
  m_ObjectHideFlags: 0
  m_PrefabParentObject: {fileID: 64928001848839486, guid: 0e14248884fd94947a4d7508647ba4ca,
    type: 2}
  m_PrefabInternal: {fileID: 0}
  m_GameObject: {fileID: 862175745}
  m_Material: {fileID: 0}
  m_IsTrigger: 0
  m_Enabled: 1
  serializedVersion: 2
  m_Convex: 0
  m_InflateMesh: 0
  m_SkinWidth: 0.01
  m_Mesh: {fileID: 10209, guid: 0000000000000000e000000000000000, type: 0}
--- !u!33 &862175748
MeshFilter:
  m_ObjectHideFlags: 0
  m_PrefabParentObject: {fileID: 33758704141905876, guid: 0e14248884fd94947a4d7508647ba4ca,
    type: 2}
  m_PrefabInternal: {fileID: 0}
  m_GameObject: {fileID: 862175745}
  m_Mesh: {fileID: 10209, guid: 0000000000000000e000000000000000, type: 0}
--- !u!1 &1173818061
GameObject:
  m_ObjectHideFlags: 0
  m_PrefabParentObject: {fileID: 1632634574233926, guid: 0e14248884fd94947a4d7508647ba4ca,
    type: 2}
  m_PrefabInternal: {fileID: 0}
  serializedVersion: 5
  m_Component:
  - component: {fileID: 1173818062}
  - component: {fileID: 1173818066}
  - component: {fileID: 1173818065}
  - component: {fileID: 1173818064}
  - component: {fileID: 1173818063}
  m_Layer: 0
  m_Name: Cube (8)
  m_TagString: obstacle
  m_Icon: {fileID: 0}
  m_NavMeshLayer: 0
  m_StaticEditorFlags: 4294967295
  m_IsActive: 1
--- !u!4 &1173818062
Transform:
  m_ObjectHideFlags: 0
  m_PrefabParentObject: {fileID: 4105590172414326, guid: 0e14248884fd94947a4d7508647ba4ca,
    type: 2}
  m_PrefabInternal: {fileID: 0}
  m_GameObject: {fileID: 1173818061}
  m_LocalRotation: {x: -0, y: 0.7071068, z: -0, w: 0.7071067}
  m_LocalPosition: {x: -40.8, y: 3, z: 31.9}
  m_LocalScale: {x: 55.5, y: 6, z: 0.99999976}
  m_Children: []
  m_Father: {fileID: 1260100227}
  m_RootOrder: 3
  m_LocalEulerAnglesHint: {x: 0, y: 90, z: 0}
--- !u!114 &1173818063
MonoBehaviour:
  m_ObjectHideFlags: 0
  m_PrefabParentObject: {fileID: 114931658409829340, guid: 0e14248884fd94947a4d7508647ba4ca,
    type: 2}
  m_PrefabInternal: {fileID: 0}
  m_GameObject: {fileID: 1173818061}
  m_Enabled: 1
  m_EditorHideFlags: 0
  m_Script: {fileID: 11500000, guid: 652ee9f75c7cac54295063b6b8c87ee1, type: 3}
  m_Name: 
  m_EditorClassIdentifier: 
--- !u!23 &1173818064
MeshRenderer:
  m_ObjectHideFlags: 0
  m_PrefabParentObject: {fileID: 23272665792527228, guid: 0e14248884fd94947a4d7508647ba4ca,
    type: 2}
  m_PrefabInternal: {fileID: 0}
  m_GameObject: {fileID: 1173818061}
  m_Enabled: 1
  m_CastShadows: 1
  m_ReceiveShadows: 1
  m_MotionVectors: 1
  m_LightProbeUsage: 1
  m_ReflectionProbeUsage: 1
  m_Materials:
  - {fileID: 10303, guid: 0000000000000000f000000000000000, type: 0}
  m_StaticBatchInfo:
    firstSubMesh: 0
    subMeshCount: 0
  m_StaticBatchRoot: {fileID: 0}
  m_ProbeAnchor: {fileID: 0}
  m_LightProbeVolumeOverride: {fileID: 0}
  m_ScaleInLightmap: 1
  m_PreserveUVs: 1
  m_IgnoreNormalsForChartDetection: 0
  m_ImportantGI: 0
  m_SelectedEditorRenderState: 3
  m_MinimumChartSize: 4
  m_AutoUVMaxDistance: 0.5
  m_AutoUVMaxAngle: 89
  m_LightmapParameters: {fileID: 0}
  m_SortingLayerID: 0
  m_SortingLayer: 0
  m_SortingOrder: 0
--- !u!65 &1173818065
BoxCollider:
  m_ObjectHideFlags: 0
  m_PrefabParentObject: {fileID: 65770902856557974, guid: 0e14248884fd94947a4d7508647ba4ca,
    type: 2}
  m_PrefabInternal: {fileID: 0}
  m_GameObject: {fileID: 1173818061}
  m_Material: {fileID: 0}
  m_IsTrigger: 0
  m_Enabled: 1
  serializedVersion: 2
  m_Size: {x: 1, y: 1, z: 1}
  m_Center: {x: 0, y: 0, z: 0}
--- !u!33 &1173818066
MeshFilter:
  m_ObjectHideFlags: 0
  m_PrefabParentObject: {fileID: 33834170843153850, guid: 0e14248884fd94947a4d7508647ba4ca,
    type: 2}
  m_PrefabInternal: {fileID: 0}
  m_GameObject: {fileID: 1173818061}
  m_Mesh: {fileID: 10202, guid: 0000000000000000e000000000000000, type: 0}
--- !u!4 &1228248136
Transform:
  m_ObjectHideFlags: 0
  m_PrefabParentObject: {fileID: 4824355721950674, guid: 0e14248884fd94947a4d7508647ba4ca,
    type: 2}
  m_PrefabInternal: {fileID: 0}
  m_GameObject: {fileID: 862175745}
  m_LocalRotation: {x: -0, y: -0, z: -0, w: 1}
  m_LocalPosition: {x: -26.3, y: 30, z: 26.800264}
  m_LocalScale: {x: 8.5, y: 14.96, z: 11.8}
  m_Children: []
  m_Father: {fileID: 1973890768}
  m_RootOrder: 5
  m_LocalEulerAnglesHint: {x: 0, y: 0, z: 0}
--- !u!1 &1260100226
GameObject:
  m_ObjectHideFlags: 0
  m_PrefabParentObject: {fileID: 1558211889419470, guid: 0e14248884fd94947a4d7508647ba4ca,
    type: 2}
  m_PrefabInternal: {fileID: 0}
  serializedVersion: 5
  m_Component:
  - component: {fileID: 1260100227}
  m_Layer: 0
  m_Name: Walls
  m_TagString: obstacle
  m_Icon: {fileID: 0}
  m_NavMeshLayer: 0
  m_StaticEditorFlags: 4294967295
  m_IsActive: 1
--- !u!4 &1260100227
Transform:
  m_ObjectHideFlags: 0
  m_PrefabParentObject: {fileID: 4888055910694140, guid: 0e14248884fd94947a4d7508647ba4ca,
    type: 2}
  m_PrefabInternal: {fileID: 0}
  m_GameObject: {fileID: 1260100226}
  m_LocalRotation: {x: 0, y: 0, z: 0, w: 1}
  m_LocalPosition: {x: 0, y: 0, z: 0}
  m_LocalScale: {x: 1, y: 1, z: 1}
  m_Children:
  - {fileID: 7096491}
  - {fileID: 428600050}
  - {fileID: 1808582028}
  - {fileID: 1173818062}
  - {fileID: 1971754905}
  - {fileID: 1681073410}
  - {fileID: 1568117754}
  - {fileID: 1297016423}
  - {fileID: 347124358}
  - {fileID: 1928949911}
  - {fileID: 575036916}
  - {fileID: 598692101}
  m_Father: {fileID: 1361638880}
  m_RootOrder: 0
  m_LocalEulerAnglesHint: {x: 0, y: 0, z: 0}
--- !u!1 &1297016422
GameObject:
  m_ObjectHideFlags: 0
  m_PrefabParentObject: {fileID: 1632634574233926, guid: 0e14248884fd94947a4d7508647ba4ca,
    type: 2}
  m_PrefabInternal: {fileID: 0}
  serializedVersion: 5
  m_Component:
  - component: {fileID: 1297016423}
  - component: {fileID: 1297016427}
  - component: {fileID: 1297016426}
  - component: {fileID: 1297016425}
  - component: {fileID: 1297016424}
  m_Layer: 0
  m_Name: Cube (12)
  m_TagString: obstacle
  m_Icon: {fileID: 0}
  m_NavMeshLayer: 0
  m_StaticEditorFlags: 4294967295
  m_IsActive: 1
--- !u!4 &1297016423
Transform:
  m_ObjectHideFlags: 0
  m_PrefabParentObject: {fileID: 4105590172414326, guid: 0e14248884fd94947a4d7508647ba4ca,
    type: 2}
  m_PrefabInternal: {fileID: 0}
  m_GameObject: {fileID: 1297016422}
  m_LocalRotation: {x: -0, y: 0.7071068, z: -0, w: 0.7071067}
  m_LocalPosition: {x: -47.4, y: 3, z: 5.82}
  m_LocalScale: {x: 3, y: 6, z: 0.99999976}
  m_Children: []
  m_Father: {fileID: 1260100227}
  m_RootOrder: 7
  m_LocalEulerAnglesHint: {x: 0, y: 90, z: 0}
--- !u!114 &1297016424
MonoBehaviour:
  m_ObjectHideFlags: 0
  m_PrefabParentObject: {fileID: 114931658409829340, guid: 0e14248884fd94947a4d7508647ba4ca,
    type: 2}
  m_PrefabInternal: {fileID: 0}
  m_GameObject: {fileID: 1297016422}
  m_Enabled: 1
  m_EditorHideFlags: 0
  m_Script: {fileID: 11500000, guid: 652ee9f75c7cac54295063b6b8c87ee1, type: 3}
  m_Name: 
  m_EditorClassIdentifier: 
--- !u!23 &1297016425
MeshRenderer:
  m_ObjectHideFlags: 0
  m_PrefabParentObject: {fileID: 23272665792527228, guid: 0e14248884fd94947a4d7508647ba4ca,
    type: 2}
  m_PrefabInternal: {fileID: 0}
  m_GameObject: {fileID: 1297016422}
  m_Enabled: 1
  m_CastShadows: 1
  m_ReceiveShadows: 1
  m_MotionVectors: 1
  m_LightProbeUsage: 1
  m_ReflectionProbeUsage: 1
  m_Materials:
  - {fileID: 10303, guid: 0000000000000000f000000000000000, type: 0}
  m_StaticBatchInfo:
    firstSubMesh: 0
    subMeshCount: 0
  m_StaticBatchRoot: {fileID: 0}
  m_ProbeAnchor: {fileID: 0}
  m_LightProbeVolumeOverride: {fileID: 0}
  m_ScaleInLightmap: 1
  m_PreserveUVs: 1
  m_IgnoreNormalsForChartDetection: 0
  m_ImportantGI: 0
  m_SelectedEditorRenderState: 3
  m_MinimumChartSize: 4
  m_AutoUVMaxDistance: 0.5
  m_AutoUVMaxAngle: 89
  m_LightmapParameters: {fileID: 0}
  m_SortingLayerID: 0
  m_SortingLayer: 0
  m_SortingOrder: 0
--- !u!65 &1297016426
BoxCollider:
  m_ObjectHideFlags: 0
  m_PrefabParentObject: {fileID: 65770902856557974, guid: 0e14248884fd94947a4d7508647ba4ca,
    type: 2}
  m_PrefabInternal: {fileID: 0}
  m_GameObject: {fileID: 1297016422}
  m_Material: {fileID: 0}
  m_IsTrigger: 0
  m_Enabled: 1
  serializedVersion: 2
  m_Size: {x: 1, y: 1, z: 1}
  m_Center: {x: 0, y: 0, z: 0}
--- !u!33 &1297016427
MeshFilter:
  m_ObjectHideFlags: 0
  m_PrefabParentObject: {fileID: 33834170843153850, guid: 0e14248884fd94947a4d7508647ba4ca,
    type: 2}
  m_PrefabInternal: {fileID: 0}
  m_GameObject: {fileID: 1297016422}
  m_Mesh: {fileID: 10202, guid: 0000000000000000e000000000000000, type: 0}
--- !u!1 &1361638879
GameObject:
  m_ObjectHideFlags: 0
  m_PrefabParentObject: {fileID: 1339906102018592, guid: 0e14248884fd94947a4d7508647ba4ca,
    type: 2}
  m_PrefabInternal: {fileID: 0}
  serializedVersion: 5
  m_Component:
  - component: {fileID: 1361638880}
  m_Layer: 0
  m_Name: Level 1
  m_TagString: obstacle
  m_Icon: {fileID: 0}
  m_NavMeshLayer: 0
  m_StaticEditorFlags: 4294967295
  m_IsActive: 1
--- !u!4 &1361638880
Transform:
  m_ObjectHideFlags: 0
  m_PrefabParentObject: {fileID: 4494832616627604, guid: 0e14248884fd94947a4d7508647ba4ca,
    type: 2}
  m_PrefabInternal: {fileID: 0}
  m_GameObject: {fileID: 1361638879}
  m_LocalRotation: {x: -0, y: -0, z: -0, w: 1}
  m_LocalPosition: {x: -27.923187, y: 30, z: 26.800264}
  m_LocalScale: {x: 1, y: 1, z: 1}
  m_Children:
  - {fileID: 1260100227}
  m_Father: {fileID: 1973890768}
  m_RootOrder: 0
  m_LocalEulerAnglesHint: {x: 0, y: 0, z: 0}
--- !u!1 &1391889215
GameObject:
  m_ObjectHideFlags: 0
  m_PrefabParentObject: {fileID: 0}
  m_PrefabInternal: {fileID: 0}
  serializedVersion: 5
  m_Component:
  - component: {fileID: 1391889219}
  - component: {fileID: 1391889218}
  - component: {fileID: 1391889217}
  - component: {fileID: 1391889216}
  m_Layer: 0
  m_Name: Spawner
  m_TagString: Untagged
  m_Icon: {fileID: 0}
  m_NavMeshLayer: 0
  m_StaticEditorFlags: 0
  m_IsActive: 1
--- !u!23 &1391889216
MeshRenderer:
  m_ObjectHideFlags: 0
  m_PrefabParentObject: {fileID: 0}
  m_PrefabInternal: {fileID: 0}
  m_GameObject: {fileID: 1391889215}
  m_Enabled: 0
  m_CastShadows: 0
  m_ReceiveShadows: 1
  m_MotionVectors: 1
  m_LightProbeUsage: 0
  m_ReflectionProbeUsage: 1
  m_Materials:
  - {fileID: 2100000, guid: d6d060ccf9fe9f44d92c88cdfc0e8805, type: 2}
  m_StaticBatchInfo:
    firstSubMesh: 0
    subMeshCount: 0
  m_StaticBatchRoot: {fileID: 0}
  m_ProbeAnchor: {fileID: 0}
  m_LightProbeVolumeOverride: {fileID: 0}
  m_ScaleInLightmap: 1
  m_PreserveUVs: 1
  m_IgnoreNormalsForChartDetection: 0
  m_ImportantGI: 0
  m_SelectedEditorRenderState: 3
  m_MinimumChartSize: 4
  m_AutoUVMaxDistance: 0.5
  m_AutoUVMaxAngle: 89
  m_LightmapParameters: {fileID: 0}
  m_SortingLayerID: 0
  m_SortingLayer: 0
  m_SortingOrder: 0
--- !u!64 &1391889217
MeshCollider:
  m_ObjectHideFlags: 0
  m_PrefabParentObject: {fileID: 0}
  m_PrefabInternal: {fileID: 0}
  m_GameObject: {fileID: 1391889215}
  m_Material: {fileID: 0}
  m_IsTrigger: 0
  m_Enabled: 1
  serializedVersion: 2
  m_Convex: 0
  m_InflateMesh: 0
  m_SkinWidth: 0.01
  m_Mesh: {fileID: 10209, guid: 0000000000000000e000000000000000, type: 0}
--- !u!33 &1391889218
MeshFilter:
  m_ObjectHideFlags: 0
  m_PrefabParentObject: {fileID: 0}
  m_PrefabInternal: {fileID: 0}
  m_GameObject: {fileID: 1391889215}
  m_Mesh: {fileID: 10209, guid: 0000000000000000e000000000000000, type: 0}
--- !u!4 &1391889219
Transform:
  m_ObjectHideFlags: 0
  m_PrefabParentObject: {fileID: 0}
  m_PrefabInternal: {fileID: 0}
  m_GameObject: {fileID: 1391889215}
  m_LocalRotation: {x: 0, y: 0, z: 0, w: 1}
  m_LocalPosition: {x: 2.2, y: 0, z: 0}
  m_LocalScale: {x: 7.5, y: 4.5, z: 9}
  m_Children: []
  m_Father: {fileID: 0}
  m_RootOrder: 7
  m_LocalEulerAnglesHint: {x: 0, y: 0, z: 0}
--- !u!1001 &1450104643
Prefab:
  m_ObjectHideFlags: 0
  serializedVersion: 2
  m_Modification:
    m_TransformParent: {fileID: 0}
    m_Modifications:
    - target: {fileID: 4823333788715234, guid: a27474f6f7b7d724fb28787eb71309ce, type: 2}
      propertyPath: m_LocalPosition.x
      value: 0
      objectReference: {fileID: 0}
    - target: {fileID: 4823333788715234, guid: a27474f6f7b7d724fb28787eb71309ce, type: 2}
      propertyPath: m_LocalPosition.y
      value: 87.24
      objectReference: {fileID: 0}
    - target: {fileID: 4823333788715234, guid: a27474f6f7b7d724fb28787eb71309ce, type: 2}
      propertyPath: m_LocalPosition.z
      value: 0
      objectReference: {fileID: 0}
    - target: {fileID: 4823333788715234, guid: a27474f6f7b7d724fb28787eb71309ce, type: 2}
      propertyPath: m_LocalRotation.x
      value: -0.5
      objectReference: {fileID: 0}
    - target: {fileID: 4823333788715234, guid: a27474f6f7b7d724fb28787eb71309ce, type: 2}
      propertyPath: m_LocalRotation.y
      value: -0.5
      objectReference: {fileID: 0}
    - target: {fileID: 4823333788715234, guid: a27474f6f7b7d724fb28787eb71309ce, type: 2}
      propertyPath: m_LocalRotation.z
      value: 0.5
      objectReference: {fileID: 0}
    - target: {fileID: 4823333788715234, guid: a27474f6f7b7d724fb28787eb71309ce, type: 2}
      propertyPath: m_LocalRotation.w
      value: -0.5
      objectReference: {fileID: 0}
    - target: {fileID: 4823333788715234, guid: a27474f6f7b7d724fb28787eb71309ce, type: 2}
      propertyPath: m_RootOrder
      value: 10
      objectReference: {fileID: 0}
    - target: {fileID: 20753832359401950, guid: a27474f6f7b7d724fb28787eb71309ce,
        type: 2}
      propertyPath: orthographic size
      value: 72.09
      objectReference: {fileID: 0}
    - target: {fileID: 20753832359401950, guid: a27474f6f7b7d724fb28787eb71309ce,
        type: 2}
      propertyPath: m_TargetTexture
      value: 
      objectReference: {fileID: 8400000, guid: 3dc811ddddb09a644a9212fe569966a1, type: 2}
    - target: {fileID: 20753832359401950, guid: a27474f6f7b7d724fb28787eb71309ce,
        type: 2}
      propertyPath: m_Depth
      value: 2
      objectReference: {fileID: 0}
    - target: {fileID: 20753832359401950, guid: a27474f6f7b7d724fb28787eb71309ce,
        type: 2}
      propertyPath: m_AllowMSAA
      value: 0
      objectReference: {fileID: 0}
    m_RemovedComponents: []
  m_ParentPrefab: {fileID: 100100000, guid: a27474f6f7b7d724fb28787eb71309ce, type: 2}
  m_IsPrefabParent: 0
--- !u!1 &1489126129
GameObject:
  m_ObjectHideFlags: 0
  m_PrefabParentObject: {fileID: 0}
  m_PrefabInternal: {fileID: 0}
  serializedVersion: 5
  m_Component:
  - component: {fileID: 1489126132}
  - component: {fileID: 1489126131}
  - component: {fileID: 1489126130}
  m_Layer: 0
  m_Name: EventSystem
  m_TagString: Untagged
  m_Icon: {fileID: 0}
  m_NavMeshLayer: 0
  m_StaticEditorFlags: 0
  m_IsActive: 1
--- !u!114 &1489126130
MonoBehaviour:
  m_ObjectHideFlags: 0
  m_PrefabParentObject: {fileID: 0}
  m_PrefabInternal: {fileID: 0}
  m_GameObject: {fileID: 1489126129}
  m_Enabled: 1
  m_EditorHideFlags: 0
  m_Script: {fileID: 1077351063, guid: f5f67c52d1564df4a8936ccd202a3bd8, type: 3}
  m_Name: 
  m_EditorClassIdentifier: 
  m_HorizontalAxis: Horizontal
  m_VerticalAxis: Vertical
  m_SubmitButton: Submit
  m_CancelButton: Cancel
  m_InputActionsPerSecond: 10
  m_RepeatDelay: 0.5
  m_ForceModuleActive: 0
--- !u!114 &1489126131
MonoBehaviour:
  m_ObjectHideFlags: 0
  m_PrefabParentObject: {fileID: 0}
  m_PrefabInternal: {fileID: 0}
  m_GameObject: {fileID: 1489126129}
  m_Enabled: 1
  m_EditorHideFlags: 0
  m_Script: {fileID: -619905303, guid: f5f67c52d1564df4a8936ccd202a3bd8, type: 3}
  m_Name: 
  m_EditorClassIdentifier: 
  m_FirstSelected: {fileID: 0}
  m_sendNavigationEvents: 1
  m_DragThreshold: 5
--- !u!4 &1489126132
Transform:
  m_ObjectHideFlags: 0
  m_PrefabParentObject: {fileID: 0}
  m_PrefabInternal: {fileID: 0}
  m_GameObject: {fileID: 1489126129}
  m_LocalRotation: {x: 0, y: 0, z: 0, w: 1}
  m_LocalPosition: {x: 0, y: 0, z: 0}
  m_LocalScale: {x: 1, y: 1, z: 1}
  m_Children: []
  m_Father: {fileID: 0}
  m_RootOrder: 3
  m_LocalEulerAnglesHint: {x: 0, y: 0, z: 0}
--- !u!1 &1568117753
GameObject:
  m_ObjectHideFlags: 0
  m_PrefabParentObject: {fileID: 1632634574233926, guid: 0e14248884fd94947a4d7508647ba4ca,
    type: 2}
  m_PrefabInternal: {fileID: 0}
  serializedVersion: 5
  m_Component:
  - component: {fileID: 1568117754}
  - component: {fileID: 1568117758}
  - component: {fileID: 1568117757}
  - component: {fileID: 1568117756}
  - component: {fileID: 1568117755}
  m_Layer: 0
  m_Name: Cube (11)
  m_TagString: obstacle
  m_Icon: {fileID: 0}
  m_NavMeshLayer: 0
  m_StaticEditorFlags: 4294967295
  m_IsActive: 1
--- !u!4 &1568117754
Transform:
  m_ObjectHideFlags: 0
  m_PrefabParentObject: {fileID: 4105590172414326, guid: 0e14248884fd94947a4d7508647ba4ca,
    type: 2}
  m_PrefabInternal: {fileID: 0}
  m_GameObject: {fileID: 1568117753}
  m_LocalRotation: {x: -0, y: -0, z: -0, w: 1}
  m_LocalPosition: {x: -44.4, y: 3, z: 4.16}
  m_LocalScale: {x: 4.7999997, y: 6, z: 1}
  m_Children: []
  m_Father: {fileID: 1260100227}
  m_RootOrder: 6
  m_LocalEulerAnglesHint: {x: 0, y: 0, z: 0}
--- !u!114 &1568117755
MonoBehaviour:
  m_ObjectHideFlags: 0
  m_PrefabParentObject: {fileID: 114931658409829340, guid: 0e14248884fd94947a4d7508647ba4ca,
    type: 2}
  m_PrefabInternal: {fileID: 0}
  m_GameObject: {fileID: 1568117753}
  m_Enabled: 1
  m_EditorHideFlags: 0
  m_Script: {fileID: 11500000, guid: 652ee9f75c7cac54295063b6b8c87ee1, type: 3}
  m_Name: 
  m_EditorClassIdentifier: 
--- !u!23 &1568117756
MeshRenderer:
  m_ObjectHideFlags: 0
  m_PrefabParentObject: {fileID: 23272665792527228, guid: 0e14248884fd94947a4d7508647ba4ca,
    type: 2}
  m_PrefabInternal: {fileID: 0}
  m_GameObject: {fileID: 1568117753}
  m_Enabled: 1
  m_CastShadows: 1
  m_ReceiveShadows: 1
  m_MotionVectors: 1
  m_LightProbeUsage: 1
  m_ReflectionProbeUsage: 1
  m_Materials:
  - {fileID: 10303, guid: 0000000000000000f000000000000000, type: 0}
  m_StaticBatchInfo:
    firstSubMesh: 0
    subMeshCount: 0
  m_StaticBatchRoot: {fileID: 0}
  m_ProbeAnchor: {fileID: 0}
  m_LightProbeVolumeOverride: {fileID: 0}
  m_ScaleInLightmap: 1
  m_PreserveUVs: 1
  m_IgnoreNormalsForChartDetection: 0
  m_ImportantGI: 0
  m_SelectedEditorRenderState: 3
  m_MinimumChartSize: 4
  m_AutoUVMaxDistance: 0.5
  m_AutoUVMaxAngle: 89
  m_LightmapParameters: {fileID: 0}
  m_SortingLayerID: 0
  m_SortingLayer: 0
  m_SortingOrder: 0
--- !u!65 &1568117757
BoxCollider:
  m_ObjectHideFlags: 0
  m_PrefabParentObject: {fileID: 65770902856557974, guid: 0e14248884fd94947a4d7508647ba4ca,
    type: 2}
  m_PrefabInternal: {fileID: 0}
  m_GameObject: {fileID: 1568117753}
  m_Material: {fileID: 0}
  m_IsTrigger: 0
  m_Enabled: 1
  serializedVersion: 2
  m_Size: {x: 1, y: 1, z: 1}
  m_Center: {x: 0, y: 0, z: 0}
--- !u!33 &1568117758
MeshFilter:
  m_ObjectHideFlags: 0
  m_PrefabParentObject: {fileID: 33834170843153850, guid: 0e14248884fd94947a4d7508647ba4ca,
    type: 2}
  m_PrefabInternal: {fileID: 0}
  m_GameObject: {fileID: 1568117753}
  m_Mesh: {fileID: 10202, guid: 0000000000000000e000000000000000, type: 0}
--- !u!1 &1681073409
GameObject:
  m_ObjectHideFlags: 0
  m_PrefabParentObject: {fileID: 1632634574233926, guid: 0e14248884fd94947a4d7508647ba4ca,
    type: 2}
  m_PrefabInternal: {fileID: 0}
  serializedVersion: 5
  m_Component:
  - component: {fileID: 1681073410}
  - component: {fileID: 1681073414}
  - component: {fileID: 1681073413}
  - component: {fileID: 1681073412}
  - component: {fileID: 1681073411}
  m_Layer: 0
  m_Name: Cube (10)
  m_TagString: obstacle
  m_Icon: {fileID: 0}
  m_NavMeshLayer: 0
  m_StaticEditorFlags: 4294967295
  m_IsActive: 1
--- !u!4 &1681073410
Transform:
  m_ObjectHideFlags: 0
  m_PrefabParentObject: {fileID: 4105590172414326, guid: 0e14248884fd94947a4d7508647ba4ca,
    type: 2}
  m_PrefabInternal: {fileID: 0}
  m_GameObject: {fileID: 1681073409}
  m_LocalRotation: {x: 0, y: 0, z: 0, w: 1}
  m_LocalPosition: {x: -44.4, y: 3, z: -5.36}
  m_LocalScale: {x: 4.8, y: 6, z: 0.99999976}
  m_Children: []
  m_Father: {fileID: 1260100227}
  m_RootOrder: 5
  m_LocalEulerAnglesHint: {x: 0, y: 0, z: 0}
--- !u!114 &1681073411
MonoBehaviour:
  m_ObjectHideFlags: 0
  m_PrefabParentObject: {fileID: 114931658409829340, guid: 0e14248884fd94947a4d7508647ba4ca,
    type: 2}
  m_PrefabInternal: {fileID: 0}
  m_GameObject: {fileID: 1681073409}
  m_Enabled: 1
  m_EditorHideFlags: 0
  m_Script: {fileID: 11500000, guid: 652ee9f75c7cac54295063b6b8c87ee1, type: 3}
  m_Name: 
  m_EditorClassIdentifier: 
--- !u!23 &1681073412
MeshRenderer:
  m_ObjectHideFlags: 0
  m_PrefabParentObject: {fileID: 23272665792527228, guid: 0e14248884fd94947a4d7508647ba4ca,
    type: 2}
  m_PrefabInternal: {fileID: 0}
  m_GameObject: {fileID: 1681073409}
  m_Enabled: 1
  m_CastShadows: 1
  m_ReceiveShadows: 1
  m_MotionVectors: 1
  m_LightProbeUsage: 1
  m_ReflectionProbeUsage: 1
  m_Materials:
  - {fileID: 10303, guid: 0000000000000000f000000000000000, type: 0}
  m_StaticBatchInfo:
    firstSubMesh: 0
    subMeshCount: 0
  m_StaticBatchRoot: {fileID: 0}
  m_ProbeAnchor: {fileID: 0}
  m_LightProbeVolumeOverride: {fileID: 0}
  m_ScaleInLightmap: 1
  m_PreserveUVs: 1
  m_IgnoreNormalsForChartDetection: 0
  m_ImportantGI: 0
  m_SelectedEditorRenderState: 3
  m_MinimumChartSize: 4
  m_AutoUVMaxDistance: 0.5
  m_AutoUVMaxAngle: 89
  m_LightmapParameters: {fileID: 0}
  m_SortingLayerID: 0
  m_SortingLayer: 0
  m_SortingOrder: 0
--- !u!65 &1681073413
BoxCollider:
  m_ObjectHideFlags: 0
  m_PrefabParentObject: {fileID: 65770902856557974, guid: 0e14248884fd94947a4d7508647ba4ca,
    type: 2}
  m_PrefabInternal: {fileID: 0}
  m_GameObject: {fileID: 1681073409}
  m_Material: {fileID: 0}
  m_IsTrigger: 0
  m_Enabled: 1
  serializedVersion: 2
  m_Size: {x: 1, y: 1, z: 1}
  m_Center: {x: 0, y: 0, z: 0}
--- !u!33 &1681073414
MeshFilter:
  m_ObjectHideFlags: 0
  m_PrefabParentObject: {fileID: 33834170843153850, guid: 0e14248884fd94947a4d7508647ba4ca,
    type: 2}
  m_PrefabInternal: {fileID: 0}
  m_GameObject: {fileID: 1681073409}
  m_Mesh: {fileID: 10202, guid: 0000000000000000e000000000000000, type: 0}
--- !u!1001 &1703490352
Prefab:
  m_ObjectHideFlags: 0
  serializedVersion: 2
  m_Modification:
    m_TransformParent: {fileID: 0}
    m_Modifications:
    - target: {fileID: 4775248174406966, guid: cbc5f50617b636a41ad8c09c566cd0f8, type: 2}
      propertyPath: m_LocalPosition.x
      value: -66.41
      objectReference: {fileID: 0}
    - target: {fileID: 4775248174406966, guid: cbc5f50617b636a41ad8c09c566cd0f8, type: 2}
      propertyPath: m_LocalPosition.y
      value: 2
      objectReference: {fileID: 0}
    - target: {fileID: 4775248174406966, guid: cbc5f50617b636a41ad8c09c566cd0f8, type: 2}
      propertyPath: m_LocalPosition.z
      value: -0.7565835
      objectReference: {fileID: 0}
    - target: {fileID: 4775248174406966, guid: cbc5f50617b636a41ad8c09c566cd0f8, type: 2}
      propertyPath: m_LocalRotation.x
      value: -0
      objectReference: {fileID: 0}
    - target: {fileID: 4775248174406966, guid: cbc5f50617b636a41ad8c09c566cd0f8, type: 2}
      propertyPath: m_LocalRotation.y
      value: -0
      objectReference: {fileID: 0}
    - target: {fileID: 4775248174406966, guid: cbc5f50617b636a41ad8c09c566cd0f8, type: 2}
      propertyPath: m_LocalRotation.z
      value: -0
      objectReference: {fileID: 0}
    - target: {fileID: 4775248174406966, guid: cbc5f50617b636a41ad8c09c566cd0f8, type: 2}
      propertyPath: m_LocalRotation.w
      value: 1
      objectReference: {fileID: 0}
    - target: {fileID: 4775248174406966, guid: cbc5f50617b636a41ad8c09c566cd0f8, type: 2}
      propertyPath: m_RootOrder
      value: 1
      objectReference: {fileID: 0}
    - target: {fileID: 114289745776262914, guid: cbc5f50617b636a41ad8c09c566cd0f8,
        type: 2}
      propertyPath: LevelToGo
      value: 0
      objectReference: {fileID: 0}
    - target: {fileID: 114410101462107968, guid: cbc5f50617b636a41ad8c09c566cd0f8,
        type: 2}
      propertyPath: DungeonID
      value: 0
      objectReference: {fileID: 0}
    - target: {fileID: 114410101462107968, guid: cbc5f50617b636a41ad8c09c566cd0f8,
        type: 2}
      propertyPath: TypeOfPortal
      value: 0
      objectReference: {fileID: 0}
    m_RemovedComponents: []
  m_ParentPrefab: {fileID: 100100000, guid: cbc5f50617b636a41ad8c09c566cd0f8, type: 2}
  m_IsPrefabParent: 0
--- !u!1 &1804662009
GameObject:
  m_ObjectHideFlags: 0
  m_PrefabParentObject: {fileID: 0}
  m_PrefabInternal: {fileID: 0}
  serializedVersion: 5
  m_Component:
  - component: {fileID: 1804662012}
  - component: {fileID: 1804662011}
  m_Layer: 0
  m_Name: GrenadePool
  m_TagString: Untagged
  m_Icon: {fileID: 0}
  m_NavMeshLayer: 0
  m_StaticEditorFlags: 0
  m_IsActive: 1
--- !u!114 &1804662011
MonoBehaviour:
  m_ObjectHideFlags: 0
  m_PrefabParentObject: {fileID: 0}
  m_PrefabInternal: {fileID: 0}
  m_GameObject: {fileID: 1804662009}
  m_Enabled: 1
  m_EditorHideFlags: 0
  m_Script: {fileID: 11500000, guid: 7fafa701288d7cf428443145afd6f485, type: 3}
  m_Name: 
  m_EditorClassIdentifier: 
--- !u!4 &1804662012
Transform:
  m_ObjectHideFlags: 0
  m_PrefabParentObject: {fileID: 0}
  m_PrefabInternal: {fileID: 0}
  m_GameObject: {fileID: 1804662009}
  m_LocalRotation: {x: 0, y: 0, z: 0, w: 1}
  m_LocalPosition: {x: -4.7235665, y: -1.3831749, z: 3.9988978}
  m_LocalScale: {x: 1, y: 1, z: 1}
  m_Children: []
  m_Father: {fileID: 0}
  m_RootOrder: 4
  m_LocalEulerAnglesHint: {x: 0, y: 0, z: 0}
--- !u!1 &1808582027
GameObject:
  m_ObjectHideFlags: 0
  m_PrefabParentObject: {fileID: 1118077111418776, guid: 0e14248884fd94947a4d7508647ba4ca,
    type: 2}
  m_PrefabInternal: {fileID: 0}
  serializedVersion: 5
  m_Component:
  - component: {fileID: 1808582028}
  - component: {fileID: 1808582032}
  - component: {fileID: 1808582031}
  - component: {fileID: 1808582030}
  - component: {fileID: 1808582029}
  m_Layer: 0
  m_Name: Cube (5)
  m_TagString: obstacle
  m_Icon: {fileID: 0}
  m_NavMeshLayer: 0
  m_StaticEditorFlags: 4294967295
  m_IsActive: 1
--- !u!4 &1808582028
Transform:
  m_ObjectHideFlags: 0
  m_PrefabParentObject: {fileID: 4130244537480536, guid: 0e14248884fd94947a4d7508647ba4ca,
    type: 2}
  m_PrefabInternal: {fileID: 0}
  m_GameObject: {fileID: 1808582027}
  m_LocalRotation: {x: -0, y: 0.7071068, z: -0, w: 0.7071067}
  m_LocalPosition: {x: 45.1, y: 3, z: -0.1}
  m_LocalScale: {x: 112.9, y: 6, z: 1}
  m_Children: []
  m_Father: {fileID: 1260100227}
  m_RootOrder: 2
  m_LocalEulerAnglesHint: {x: 0, y: 90, z: 0}
--- !u!114 &1808582029
MonoBehaviour:
  m_ObjectHideFlags: 0
  m_PrefabParentObject: {fileID: 114992470483489958, guid: 0e14248884fd94947a4d7508647ba4ca,
    type: 2}
  m_PrefabInternal: {fileID: 0}
  m_GameObject: {fileID: 1808582027}
  m_Enabled: 1
  m_EditorHideFlags: 0
  m_Script: {fileID: 11500000, guid: 652ee9f75c7cac54295063b6b8c87ee1, type: 3}
  m_Name: 
  m_EditorClassIdentifier: 
--- !u!23 &1808582030
MeshRenderer:
  m_ObjectHideFlags: 0
  m_PrefabParentObject: {fileID: 23857915234999436, guid: 0e14248884fd94947a4d7508647ba4ca,
    type: 2}
  m_PrefabInternal: {fileID: 0}
  m_GameObject: {fileID: 1808582027}
  m_Enabled: 1
  m_CastShadows: 1
  m_ReceiveShadows: 1
  m_MotionVectors: 1
  m_LightProbeUsage: 1
  m_ReflectionProbeUsage: 1
  m_Materials:
  - {fileID: 10303, guid: 0000000000000000f000000000000000, type: 0}
  m_StaticBatchInfo:
    firstSubMesh: 0
    subMeshCount: 0
  m_StaticBatchRoot: {fileID: 0}
  m_ProbeAnchor: {fileID: 0}
  m_LightProbeVolumeOverride: {fileID: 0}
  m_ScaleInLightmap: 1
  m_PreserveUVs: 1
  m_IgnoreNormalsForChartDetection: 0
  m_ImportantGI: 0
  m_SelectedEditorRenderState: 3
  m_MinimumChartSize: 4
  m_AutoUVMaxDistance: 0.5
  m_AutoUVMaxAngle: 89
  m_LightmapParameters: {fileID: 0}
  m_SortingLayerID: 0
  m_SortingLayer: 0
  m_SortingOrder: 0
--- !u!65 &1808582031
BoxCollider:
  m_ObjectHideFlags: 0
  m_PrefabParentObject: {fileID: 65777290469412966, guid: 0e14248884fd94947a4d7508647ba4ca,
    type: 2}
  m_PrefabInternal: {fileID: 0}
  m_GameObject: {fileID: 1808582027}
  m_Material: {fileID: 0}
  m_IsTrigger: 0
  m_Enabled: 1
  serializedVersion: 2
  m_Size: {x: 1, y: 1, z: 1}
  m_Center: {x: 0, y: 0, z: 0}
--- !u!33 &1808582032
MeshFilter:
  m_ObjectHideFlags: 0
  m_PrefabParentObject: {fileID: 33326604745523990, guid: 0e14248884fd94947a4d7508647ba4ca,
    type: 2}
  m_PrefabInternal: {fileID: 0}
  m_GameObject: {fileID: 1808582027}
  m_Mesh: {fileID: 10202, guid: 0000000000000000e000000000000000, type: 0}
--- !u!1 &1928949910
GameObject:
  m_ObjectHideFlags: 0
  m_PrefabParentObject: {fileID: 1632634574233926, guid: 0e14248884fd94947a4d7508647ba4ca,
    type: 2}
  m_PrefabInternal: {fileID: 0}
  serializedVersion: 5
  m_Component:
  - component: {fileID: 1928949911}
  - component: {fileID: 1928949915}
  - component: {fileID: 1928949914}
  - component: {fileID: 1928949913}
  - component: {fileID: 1928949912}
  m_Layer: 0
  m_Name: Cube (14)
  m_TagString: obstacle
  m_Icon: {fileID: 0}
  m_NavMeshLayer: 0
  m_StaticEditorFlags: 4294967295
  m_IsActive: 1
--- !u!4 &1928949911
Transform:
  m_ObjectHideFlags: 0
  m_PrefabParentObject: {fileID: 4105590172414326, guid: 0e14248884fd94947a4d7508647ba4ca,
    type: 2}
  m_PrefabInternal: {fileID: 0}
  m_GameObject: {fileID: 1928949910}
  m_LocalRotation: {x: 0, y: 0, z: 0, w: 1}
  m_LocalPosition: {x: -59.1, y: 3, z: -8.4}
  m_LocalScale: {x: 22.9, y: 6, z: 0.99999976}
  m_Children: []
  m_Father: {fileID: 1260100227}
  m_RootOrder: 9
  m_LocalEulerAnglesHint: {x: 0, y: 0, z: 0}
--- !u!114 &1928949912
MonoBehaviour:
  m_ObjectHideFlags: 0
  m_PrefabParentObject: {fileID: 114931658409829340, guid: 0e14248884fd94947a4d7508647ba4ca,
    type: 2}
  m_PrefabInternal: {fileID: 0}
  m_GameObject: {fileID: 1928949910}
  m_Enabled: 1
  m_EditorHideFlags: 0
  m_Script: {fileID: 11500000, guid: 652ee9f75c7cac54295063b6b8c87ee1, type: 3}
  m_Name: 
  m_EditorClassIdentifier: 
--- !u!23 &1928949913
MeshRenderer:
  m_ObjectHideFlags: 0
  m_PrefabParentObject: {fileID: 23272665792527228, guid: 0e14248884fd94947a4d7508647ba4ca,
    type: 2}
  m_PrefabInternal: {fileID: 0}
  m_GameObject: {fileID: 1928949910}
  m_Enabled: 1
  m_CastShadows: 1
  m_ReceiveShadows: 1
  m_MotionVectors: 1
  m_LightProbeUsage: 1
  m_ReflectionProbeUsage: 1
  m_Materials:
  - {fileID: 10303, guid: 0000000000000000f000000000000000, type: 0}
  m_StaticBatchInfo:
    firstSubMesh: 0
    subMeshCount: 0
  m_StaticBatchRoot: {fileID: 0}
  m_ProbeAnchor: {fileID: 0}
  m_LightProbeVolumeOverride: {fileID: 0}
  m_ScaleInLightmap: 1
  m_PreserveUVs: 1
  m_IgnoreNormalsForChartDetection: 0
  m_ImportantGI: 0
  m_SelectedEditorRenderState: 3
  m_MinimumChartSize: 4
  m_AutoUVMaxDistance: 0.5
  m_AutoUVMaxAngle: 89
  m_LightmapParameters: {fileID: 0}
  m_SortingLayerID: 0
  m_SortingLayer: 0
  m_SortingOrder: 0
--- !u!65 &1928949914
BoxCollider:
  m_ObjectHideFlags: 0
  m_PrefabParentObject: {fileID: 65770902856557974, guid: 0e14248884fd94947a4d7508647ba4ca,
    type: 2}
  m_PrefabInternal: {fileID: 0}
  m_GameObject: {fileID: 1928949910}
  m_Material: {fileID: 0}
  m_IsTrigger: 0
  m_Enabled: 1
  serializedVersion: 2
  m_Size: {x: 1, y: 1, z: 1}
  m_Center: {x: 0, y: 0, z: 0}
--- !u!33 &1928949915
MeshFilter:
  m_ObjectHideFlags: 0
  m_PrefabParentObject: {fileID: 33834170843153850, guid: 0e14248884fd94947a4d7508647ba4ca,
    type: 2}
  m_PrefabInternal: {fileID: 0}
  m_GameObject: {fileID: 1928949910}
  m_Mesh: {fileID: 10202, guid: 0000000000000000e000000000000000, type: 0}
--- !u!1 &1961525217
GameObject:
  m_ObjectHideFlags: 0
  m_PrefabParentObject: {fileID: 1136947916769500, guid: 0e14248884fd94947a4d7508647ba4ca,
    type: 2}
  m_PrefabInternal: {fileID: 0}
  serializedVersion: 5
  m_Component:
  - component: {fileID: 1961525218}
  - component: {fileID: 1961525221}
  - component: {fileID: 1961525220}
  - component: {fileID: 1961525219}
  m_Layer: 0
  m_Name: Plane (1)
  m_TagString: obstacle
  m_Icon: {fileID: 0}
  m_NavMeshLayer: 4
  m_StaticEditorFlags: 4294967295
  m_IsActive: 1
--- !u!4 &1961525218
Transform:
  m_ObjectHideFlags: 0
  m_PrefabParentObject: {fileID: 4824355721950674, guid: 0e14248884fd94947a4d7508647ba4ca,
    type: 2}
  m_PrefabInternal: {fileID: 0}
  m_GameObject: {fileID: 1961525217}
  m_LocalRotation: {x: -0, y: -0, z: -0, w: 1}
  m_LocalPosition: {x: -83.5, y: 30, z: 26.800264}
  m_LocalScale: {x: 2.97, y: 14.96, z: 1.57}
  m_Children: []
  m_Father: {fileID: 1973890768}
  m_RootOrder: 9
  m_LocalEulerAnglesHint: {x: 0, y: 0, z: 0}
--- !u!23 &1961525219
MeshRenderer:
  m_ObjectHideFlags: 0
  m_PrefabParentObject: {fileID: 23659371795005404, guid: 0e14248884fd94947a4d7508647ba4ca,
    type: 2}
  m_PrefabInternal: {fileID: 0}
  m_GameObject: {fileID: 1961525217}
  m_Enabled: 1
  m_CastShadows: 1
  m_ReceiveShadows: 1
  m_MotionVectors: 1
  m_LightProbeUsage: 1
  m_ReflectionProbeUsage: 1
  m_Materials:
  - {fileID: 2100000, guid: a51b36f8dbbc42e4fb741d208c7f3833, type: 2}
  m_StaticBatchInfo:
    firstSubMesh: 0
    subMeshCount: 0
  m_StaticBatchRoot: {fileID: 0}
  m_ProbeAnchor: {fileID: 0}
  m_LightProbeVolumeOverride: {fileID: 0}
  m_ScaleInLightmap: 1
  m_PreserveUVs: 1
  m_IgnoreNormalsForChartDetection: 0
  m_ImportantGI: 0
  m_SelectedEditorRenderState: 3
  m_MinimumChartSize: 4
  m_AutoUVMaxDistance: 0.5
  m_AutoUVMaxAngle: 89
  m_LightmapParameters: {fileID: 0}
  m_SortingLayerID: 0
  m_SortingLayer: 0
  m_SortingOrder: 0
--- !u!64 &1961525220
MeshCollider:
  m_ObjectHideFlags: 0
  m_PrefabParentObject: {fileID: 64928001848839486, guid: 0e14248884fd94947a4d7508647ba4ca,
    type: 2}
  m_PrefabInternal: {fileID: 0}
  m_GameObject: {fileID: 1961525217}
  m_Material: {fileID: 0}
  m_IsTrigger: 0
  m_Enabled: 1
  serializedVersion: 2
  m_Convex: 0
  m_InflateMesh: 0
  m_SkinWidth: 0.01
  m_Mesh: {fileID: 10209, guid: 0000000000000000e000000000000000, type: 0}
--- !u!33 &1961525221
MeshFilter:
  m_ObjectHideFlags: 0
  m_PrefabParentObject: {fileID: 33758704141905876, guid: 0e14248884fd94947a4d7508647ba4ca,
    type: 2}
  m_PrefabInternal: {fileID: 0}
  m_GameObject: {fileID: 1961525217}
  m_Mesh: {fileID: 10209, guid: 0000000000000000e000000000000000, type: 0}
--- !u!1 &1966870771
GameObject:
  m_ObjectHideFlags: 0
  m_PrefabParentObject: {fileID: 0}
  m_PrefabInternal: {fileID: 0}
  serializedVersion: 5
  m_Component:
  - component: {fileID: 1966870773}
  - component: {fileID: 1966870772}
  - component: {fileID: 1966870774}
  - component: {fileID: 1966870775}
  - component: {fileID: 1966870776}
  - component: {fileID: 1966870777}
  m_Layer: 0
  m_Name: EnemyManager
  m_TagString: EnemyManager
  m_Icon: {fileID: 0}
  m_NavMeshLayer: 0
  m_StaticEditorFlags: 0
  m_IsActive: 1
--- !u!114 &1966870772
MonoBehaviour:
  m_ObjectHideFlags: 0
  m_PrefabParentObject: {fileID: 0}
  m_PrefabInternal: {fileID: 0}
  m_GameObject: {fileID: 1966870771}
  m_Enabled: 1
  m_EditorHideFlags: 0
  m_Script: {fileID: 11500000, guid: faa2f287e69ed344fb182b8dd6d8a6e8, type: 3}
  m_Name: 
  m_EditorClassIdentifier: 
  MaxActiveEnemiesPerZone: 5
  MaxActiveSingleEnemies: 3
  AlarmChance: 5
  StartingSpawnTimer: 8
  StartingAlarmTimer: 60
  StartingAlarmSpawnTimer: 1
  SpawnersEnemy:
  - {fileID: 1391889219}
  SpawnersSingleEnemy: []
  Enemies:
  - {fileID: 11405074, guid: 72f2412d81b0652419e93286c0ddf9ac, type: 2}
  - {fileID: 114869706433809296, guid: 6ab42e0df1a526345989dfe2499dba7d, type: 2}
--- !u!4 &1966870773
Transform:
  m_ObjectHideFlags: 0
  m_PrefabParentObject: {fileID: 0}
  m_PrefabInternal: {fileID: 0}
  m_GameObject: {fileID: 1966870771}
  m_LocalRotation: {x: 0, y: 0, z: 0, w: 1}
  m_LocalPosition: {x: 18.8, y: 2.3151586, z: 16.3}
  m_LocalScale: {x: 1, y: 1, z: 1}
  m_Children: []
  m_Father: {fileID: 0}
  m_RootOrder: 2
  m_LocalEulerAnglesHint: {x: 0, y: 0, z: 0}
--- !u!114 &1966870774
MonoBehaviour:
  m_ObjectHideFlags: 0
  m_PrefabParentObject: {fileID: 0}
  m_PrefabInternal: {fileID: 0}
  m_GameObject: {fileID: 1966870771}
  m_Enabled: 1
  m_EditorHideFlags: 0
  m_Script: {fileID: 11500000, guid: 423e6549c4d05dd49b6225ed63021150, type: 3}
  m_Name: 
  m_EditorClassIdentifier: 
--- !u!114 &1966870775
MonoBehaviour:
  m_ObjectHideFlags: 0
  m_PrefabParentObject: {fileID: 0}
  m_PrefabInternal: {fileID: 0}
  m_GameObject: {fileID: 1966870771}
  m_Enabled: 1
  m_EditorHideFlags: 0
  m_Script: {fileID: 11500000, guid: 892460f92bd71f044b3ebf7ce8ece943, type: 3}
  m_Name: 
  m_EditorClassIdentifier: 
  CoinPrefab:
  - {fileID: 114093344558093516, guid: 953f65f7b0cdf58438c3c539f6429546, type: 2}
  - {fileID: 114093344558093516, guid: 7ba8d147c3b94ed4b8f712893044e142, type: 2}
  - {fileID: 114093344558093516, guid: 8251606e6f976fc488f421da119fc1a5, type: 2}
--- !u!114 &1966870776
MonoBehaviour:
  m_ObjectHideFlags: 0
  m_PrefabParentObject: {fileID: 0}
  m_PrefabInternal: {fileID: 0}
  m_GameObject: {fileID: 1966870771}
  m_Enabled: 1
  m_EditorHideFlags: 0
  m_Script: {fileID: 11500000, guid: 498ad7a03383e3147a851d0d24c778dc, type: 3}
  m_Name: 
  m_EditorClassIdentifier: 
  ObstaclePrefab: {fileID: 1862539682311464, guid: f1861af9ce6647c4298d0df6dd5fc7fc,
    type: 2}
  StartingTimerToSpawn: 15
  MaxActiveObstacles: 10
  planes:
  - {fileID: 1228248136}
--- !u!114 &1966870777
MonoBehaviour:
  m_ObjectHideFlags: 0
  m_PrefabParentObject: {fileID: 0}
  m_PrefabInternal: {fileID: 0}
  m_GameObject: {fileID: 1966870771}
  m_Enabled: 1
  m_EditorHideFlags: 0
  m_Script: {fileID: 11500000, guid: ce42322d90a3c464b8ffdfdf11e8a60c, type: 3}
  m_Name: 
  m_EditorClassIdentifier: 
--- !u!1 &1971754904
GameObject:
  m_ObjectHideFlags: 0
  m_PrefabParentObject: {fileID: 1632634574233926, guid: 0e14248884fd94947a4d7508647ba4ca,
    type: 2}
  m_PrefabInternal: {fileID: 0}
  serializedVersion: 5
  m_Component:
  - component: {fileID: 1971754905}
  - component: {fileID: 1971754909}
  - component: {fileID: 1971754908}
  - component: {fileID: 1971754907}
  - component: {fileID: 1971754906}
  m_Layer: 0
  m_Name: Cube (9)
  m_TagString: obstacle
  m_Icon: {fileID: 0}
  m_NavMeshLayer: 0
  m_StaticEditorFlags: 4294967295
  m_IsActive: 1
--- !u!4 &1971754905
Transform:
  m_ObjectHideFlags: 0
  m_PrefabParentObject: {fileID: 4105590172414326, guid: 0e14248884fd94947a4d7508647ba4ca,
    type: 2}
  m_PrefabInternal: {fileID: 0}
  m_GameObject: {fileID: 1971754904}
  m_LocalRotation: {x: -0, y: 0.7071068, z: -0, w: 0.7071067}
  m_LocalPosition: {x: -40.8, y: 3, z: -31.3}
  m_LocalScale: {x: 50.6, y: 6, z: 0.99999976}
  m_Children: []
  m_Father: {fileID: 1260100227}
  m_RootOrder: 4
  m_LocalEulerAnglesHint: {x: 0, y: 90, z: 0}
--- !u!114 &1971754906
MonoBehaviour:
  m_ObjectHideFlags: 0
  m_PrefabParentObject: {fileID: 114931658409829340, guid: 0e14248884fd94947a4d7508647ba4ca,
    type: 2}
  m_PrefabInternal: {fileID: 0}
  m_GameObject: {fileID: 1971754904}
  m_Enabled: 1
  m_EditorHideFlags: 0
  m_Script: {fileID: 11500000, guid: 652ee9f75c7cac54295063b6b8c87ee1, type: 3}
  m_Name: 
  m_EditorClassIdentifier: 
--- !u!23 &1971754907
MeshRenderer:
  m_ObjectHideFlags: 0
  m_PrefabParentObject: {fileID: 23272665792527228, guid: 0e14248884fd94947a4d7508647ba4ca,
    type: 2}
  m_PrefabInternal: {fileID: 0}
  m_GameObject: {fileID: 1971754904}
  m_Enabled: 1
  m_CastShadows: 1
  m_ReceiveShadows: 1
  m_MotionVectors: 1
  m_LightProbeUsage: 1
  m_ReflectionProbeUsage: 1
  m_Materials:
  - {fileID: 10303, guid: 0000000000000000f000000000000000, type: 0}
  m_StaticBatchInfo:
    firstSubMesh: 0
    subMeshCount: 0
  m_StaticBatchRoot: {fileID: 0}
  m_ProbeAnchor: {fileID: 0}
  m_LightProbeVolumeOverride: {fileID: 0}
  m_ScaleInLightmap: 1
  m_PreserveUVs: 1
  m_IgnoreNormalsForChartDetection: 0
  m_ImportantGI: 0
  m_SelectedEditorRenderState: 3
  m_MinimumChartSize: 4
  m_AutoUVMaxDistance: 0.5
  m_AutoUVMaxAngle: 89
  m_LightmapParameters: {fileID: 0}
  m_SortingLayerID: 0
  m_SortingLayer: 0
  m_SortingOrder: 0
--- !u!65 &1971754908
BoxCollider:
  m_ObjectHideFlags: 0
  m_PrefabParentObject: {fileID: 65770902856557974, guid: 0e14248884fd94947a4d7508647ba4ca,
    type: 2}
  m_PrefabInternal: {fileID: 0}
  m_GameObject: {fileID: 1971754904}
  m_Material: {fileID: 0}
  m_IsTrigger: 0
  m_Enabled: 1
  serializedVersion: 2
  m_Size: {x: 1, y: 1, z: 1}
  m_Center: {x: 0, y: 0, z: 0}
--- !u!33 &1971754909
MeshFilter:
  m_ObjectHideFlags: 0
  m_PrefabParentObject: {fileID: 33834170843153850, guid: 0e14248884fd94947a4d7508647ba4ca,
    type: 2}
  m_PrefabInternal: {fileID: 0}
  m_GameObject: {fileID: 1971754904}
  m_Mesh: {fileID: 10202, guid: 0000000000000000e000000000000000, type: 0}
--- !u!1 &1973890767
GameObject:
  m_ObjectHideFlags: 0
  m_PrefabParentObject: {fileID: 1624577850452206, guid: 0e14248884fd94947a4d7508647ba4ca,
    type: 2}
  m_PrefabInternal: {fileID: 0}
  serializedVersion: 5
  m_Component:
  - component: {fileID: 1973890768}
  m_Layer: 0
  m_Name: Levels
  m_TagString: Untagged
  m_Icon: {fileID: 0}
  m_NavMeshLayer: 0
  m_StaticEditorFlags: 0
  m_IsActive: 1
--- !u!4 &1973890768
Transform:
  m_ObjectHideFlags: 0
  m_PrefabParentObject: {fileID: 4175582536054606, guid: 0e14248884fd94947a4d7508647ba4ca,
    type: 2}
  m_PrefabInternal: {fileID: 0}
  m_GameObject: {fileID: 1973890767}
  m_LocalRotation: {x: 0, y: 0, z: 0, w: 1}
  m_LocalPosition: {x: 27.923187, y: -30.017014, z: -26.800264}
  m_LocalScale: {x: 1, y: 1, z: 1}
  m_Children:
  - {fileID: 1361638880}
  - {fileID: 677805294}
  - {fileID: 70534180}
  - {fileID: 141725433}
  - {fileID: 587769201}
  - {fileID: 1228248136}
  - {fileID: 2034939535}
  - {fileID: 222306645}
  - {fileID: 90556056}
  - {fileID: 1961525218}
  m_Father: {fileID: 0}
  m_RootOrder: 5
  m_LocalEulerAnglesHint: {x: 0, y: 0, z: 0}
--- !u!1001 &2034939534
Prefab:
  m_ObjectHideFlags: 0
  serializedVersion: 2
  m_Modification:
    m_TransformParent: {fileID: 1973890768}
    m_Modifications:
    - target: {fileID: 4930245676389756, guid: d78cd5a42928bf04bb53dd01f33c3a3c, type: 2}
      propertyPath: m_LocalPosition.x
      value: 14.6
      objectReference: {fileID: 0}
    - target: {fileID: 4930245676389756, guid: d78cd5a42928bf04bb53dd01f33c3a3c, type: 2}
      propertyPath: m_LocalPosition.y
      value: 30
      objectReference: {fileID: 0}
    - target: {fileID: 4930245676389756, guid: d78cd5a42928bf04bb53dd01f33c3a3c, type: 2}
      propertyPath: m_LocalPosition.z
      value: 28.400265
      objectReference: {fileID: 0}
    - target: {fileID: 4930245676389756, guid: d78cd5a42928bf04bb53dd01f33c3a3c, type: 2}
      propertyPath: m_LocalRotation.x
      value: -0
      objectReference: {fileID: 0}
    - target: {fileID: 4930245676389756, guid: d78cd5a42928bf04bb53dd01f33c3a3c, type: 2}
      propertyPath: m_LocalRotation.y
      value: 0.7071068
      objectReference: {fileID: 0}
    - target: {fileID: 4930245676389756, guid: d78cd5a42928bf04bb53dd01f33c3a3c, type: 2}
      propertyPath: m_LocalRotation.z
      value: 0.7071068
      objectReference: {fileID: 0}
    - target: {fileID: 4930245676389756, guid: d78cd5a42928bf04bb53dd01f33c3a3c, type: 2}
      propertyPath: m_LocalRotation.w
      value: 0
      objectReference: {fileID: 0}
    - target: {fileID: 4930245676389756, guid: d78cd5a42928bf04bb53dd01f33c3a3c, type: 2}
      propertyPath: m_RootOrder
      value: 6
      objectReference: {fileID: 0}
    - target: {fileID: 4930245676389756, guid: d78cd5a42928bf04bb53dd01f33c3a3c, type: 2}
      propertyPath: m_LocalScale.x
      value: 4
      objectReference: {fileID: 0}
    - target: {fileID: 4930245676389756, guid: d78cd5a42928bf04bb53dd01f33c3a3c, type: 2}
      propertyPath: m_LocalScale.y
      value: 4
      objectReference: {fileID: 0}
    - target: {fileID: 4930245676389756, guid: d78cd5a42928bf04bb53dd01f33c3a3c, type: 2}
      propertyPath: m_LocalScale.z
      value: 4
      objectReference: {fileID: 0}
    - target: {fileID: 4930245676389756, guid: d78cd5a42928bf04bb53dd01f33c3a3c, type: 2}
      propertyPath: m_LocalEulerAnglesHint.z
      value: 180
      objectReference: {fileID: 0}
    - target: {fileID: 23703424218614188, guid: d78cd5a42928bf04bb53dd01f33c3a3c,
        type: 2}
      propertyPath: m_Materials.Array.data[0]
      value: 
      objectReference: {fileID: 2100000, guid: 2bcd517f498550c4492711f7cf76080f, type: 2}
    m_RemovedComponents: []
  m_ParentPrefab: {fileID: 100100000, guid: d78cd5a42928bf04bb53dd01f33c3a3c, type: 2}
  m_IsPrefabParent: 0
--- !u!4 &2034939535 stripped
Transform:
  m_PrefabParentObject: {fileID: 4930245676389756, guid: d78cd5a42928bf04bb53dd01f33c3a3c,
    type: 2}
  m_PrefabInternal: {fileID: 2034939534}
--- !u!1001 &2081179896
Prefab:
  m_ObjectHideFlags: 0
  serializedVersion: 2
  m_Modification:
    m_TransformParent: {fileID: 0}
    m_Modifications:
    - target: {fileID: 4547788177850856, guid: 92d59aeb6f67a2d40a66744a735b58e6, type: 2}
      propertyPath: m_LocalPosition.x
      value: -56.9
      objectReference: {fileID: 0}
    - target: {fileID: 4547788177850856, guid: 92d59aeb6f67a2d40a66744a735b58e6, type: 2}
      propertyPath: m_LocalPosition.y
      value: 0.9300003
      objectReference: {fileID: 0}
    - target: {fileID: 4547788177850856, guid: 92d59aeb6f67a2d40a66744a735b58e6, type: 2}
      propertyPath: m_LocalPosition.z
      value: -0.00026512146
      objectReference: {fileID: 0}
    - target: {fileID: 4547788177850856, guid: 92d59aeb6f67a2d40a66744a735b58e6, type: 2}
      propertyPath: m_LocalRotation.x
      value: -0
      objectReference: {fileID: 0}
    - target: {fileID: 4547788177850856, guid: 92d59aeb6f67a2d40a66744a735b58e6, type: 2}
      propertyPath: m_LocalRotation.y
      value: -0
      objectReference: {fileID: 0}
    - target: {fileID: 4547788177850856, guid: 92d59aeb6f67a2d40a66744a735b58e6, type: 2}
      propertyPath: m_LocalRotation.z
      value: -0
      objectReference: {fileID: 0}
    - target: {fileID: 4547788177850856, guid: 92d59aeb6f67a2d40a66744a735b58e6, type: 2}
      propertyPath: m_LocalRotation.w
      value: 1
      objectReference: {fileID: 0}
    - target: {fileID: 4547788177850856, guid: 92d59aeb6f67a2d40a66744a735b58e6, type: 2}
      propertyPath: m_RootOrder
      value: 8
      objectReference: {fileID: 0}
    - target: {fileID: 65475585431834516, guid: 92d59aeb6f67a2d40a66744a735b58e6,
        type: 2}
      propertyPath: m_Size.x
      value: 27.3
      objectReference: {fileID: 0}
    - target: {fileID: 65475585431834516, guid: 92d59aeb6f67a2d40a66744a735b58e6,
        type: 2}
      propertyPath: m_Size.z
      value: 20.57
      objectReference: {fileID: 0}
    - target: {fileID: 1843744875486420, guid: 92d59aeb6f67a2d40a66744a735b58e6, type: 2}
      propertyPath: m_Layer
      value: 14
      objectReference: {fileID: 0}
    m_RemovedComponents: []
  m_ParentPrefab: {fileID: 100100000, guid: 92d59aeb6f67a2d40a66744a735b58e6, type: 2}
  m_IsPrefabParent: 0
