%YAML 1.1
%TAG !u! tag:unity3d.com,2011:
--- !u!1001 &100100000
Prefab:
  m_ObjectHideFlags: 1
  serializedVersion: 2
  m_Modification:
    m_TransformParent: {fileID: 0}
    m_Modifications: []
    m_RemovedComponents: []
  m_ParentPrefab: {fileID: 0}
  m_RootGameObject: {fileID: 1711506915858174}
  m_IsPrefabParent: 1
--- !u!1 &1711506915858174
GameObject:
  m_ObjectHideFlags: 0
  m_PrefabParentObject: {fileID: 0}
  m_PrefabInternal: {fileID: 100100000}
  serializedVersion: 5
  m_Component:
  - component: {fileID: 4377116064287752}
  - component: {fileID: 20130141500489210}
  - component: {fileID: 124091875256542700}
  - component: {fileID: 92294317191521532}
  m_Layer: 0
  m_Name: MapCamera
  m_TagString: Untagged
  m_Icon: {fileID: 0}
  m_NavMeshLayer: 0
  m_StaticEditorFlags: 0
  m_IsActive: 1
--- !u!4 &4377116064287752
Transform:
  m_ObjectHideFlags: 1
  m_PrefabParentObject: {fileID: 0}
  m_PrefabInternal: {fileID: 100100000}
  m_GameObject: {fileID: 1711506915858174}
  m_LocalRotation: {x: -0.5, y: -0.5, z: 0.5, w: -0.5}
  m_LocalPosition: {x: 0, y: 87.24, z: 0}
  m_LocalScale: {x: 1, y: 1, z: 1}
  m_Children: []
  m_Father: {fileID: 0}
  m_RootOrder: 0
  m_LocalEulerAnglesHint: {x: 90, y: 0, z: 270}
--- !u!20 &20130141500489210
Camera:
  m_ObjectHideFlags: 1
  m_PrefabParentObject: {fileID: 0}
  m_PrefabInternal: {fileID: 100100000}
  m_GameObject: {fileID: 1711506915858174}
  m_Enabled: 1
  serializedVersion: 2
  m_ClearFlags: 2
  m_BackGroundColor: {r: 0, g: 0, b: 0, a: 0}
  m_NormalizedViewPortRect:
    serializedVersion: 2
    x: 0
    y: 0
    width: 5
    height: 5
  near clip plane: 0.3
  far clip plane: 90.4
  field of view: 60
  orthographic: 1
  orthographic size: 212.44928
  m_Depth: 2
  m_CullingMask:
    serializedVersion: 2
    m_Bits: 8193
  m_RenderingPath: 0
  m_TargetTexture: {fileID: 8400000, guid: 3dc811ddddb09a644a9212fe569966a1, type: 2}
  m_TargetDisplay: 0
  m_TargetEye: 4
  m_HDR: 0
  m_OcclusionCulling: 1
  m_StereoConvergence: 10
  m_StereoSeparation: 0.022
  m_StereoMirrorMode: 0
--- !u!92 &92294317191521532
Behaviour:
  m_ObjectHideFlags: 1
  m_PrefabParentObject: {fileID: 0}
  m_PrefabInternal: {fileID: 100100000}
  m_GameObject: {fileID: 1711506915858174}
  m_Enabled: 1
--- !u!124 &124091875256542700
Behaviour:
  m_ObjectHideFlags: 1
  m_PrefabParentObject: {fileID: 0}
  m_PrefabInternal: {fileID: 100100000}
  m_GameObject: {fileID: 1711506915858174}
  m_Enabled: 1
